
@article{adams2013,
  title = {Temporal Variability of Near-Bottom Dissolved Oxygen during Upwelling off Central {{Oregon}}},
  author = {Adams, Katherine A. and Barth, John A. and Chan, Francis},
  year = {2013},
  volume = {118},
  pages = {4839--4854},
  doi = {10.1002/jgrc.20361},
  copyright = {\textcopyright{}2013. American Geophysical Union. All Rights Reserved.},
  journal = {J. Geophys. Res. Oceans},
  keywords = {hypoxia,interannual variability,shelf circulation},
  language = {en},
  number = {10}
}

@article{adams2017,
  title = {Age-Specific Differences in the Seasonal Spatial Distribution of Butterfish ({{Peprilus}} Triacanthus)},
  author = {Adams, Charles F.},
  year = {2017},
  volume = {74},
  pages = {170--179},
  doi = {10.1093/icesjms/fsw128},
  journal = {ICES J Mar Sci},
  language = {en},
  number = {1}
}

@article{adams2018,
  title = {Relative Importance of Population Size, Fishing Pressure and Temperature on the Spatial Distribution of Nine {{Northwest Atlantic}} Groundfish Stocks},
  author = {Adams, Charles F. and Alade, Larry A. and Legault, Christopher M. and O'Brien, Loretta and Palmer, Michael C. and Sosebee, Katherine A. and Traver, Michele L.},
  year = {2018},
  volume = {13},
  pages = {e0196583},
  doi = {10.1371/journal.pone.0196583},
  journal = {PLOS ONE},
  keywords = {Autumn,Cod,Inertia,Latitude,Longitude,Silver,Spring (season),Time series analysis},
  language = {en},
  number = {4}
}

@article{alabia2018,
  title = {Distribution Shifts of Marine Taxa in the {{Pacific Arctic}} under Contemporary Climate Changes},
  author = {Alabia, Irene D. and Molinos, Jorge Garc{\'i}a and Saitoh, Sei-Ichi and Hirawake, Toru and Hirata, Takafumi and Mueter, Franz J.},
  year = {2018},
  volume = {24},
  pages = {1583--1597},
  doi = {10.1111/ddi.12788},
  copyright = {\textcopyright{} 2018 John Wiley \& Sons Ltd},
  journal = {Divers. Distrib.},
  keywords = {climate variability,distribution shifts,Pacific Arctic,species distribution models,vulnerability},
  language = {en},
  number = {11}
}

@Manual{sdmTMB,
    title = {sdmTMB: Spatiotemporal Species Distribution {GLMMs} with `{TMB}'},
    author = {Sean C. Anderson and Philina A. English and Eric J. Ward},
    year = {2020},
    note = {R package version 0.0.3.9000},
    url = {https://github.com/seananderson/sdmTMB},
  }
  
@article{anderson2019,
  title = {Black Swans in Space: Modeling Spatiotemporal Processes with Extremes},
  author = {Anderson, Sean C. and Ward, Eric J.},
  year = {2019},
  volume = {100},
  pages = {e02403},
  doi = {10.1002/ecy.2403},
  copyright = {\textcopyright{} 2018 by the Ecological Society of America},
  journal = {Ecology},
  keywords = {Bayesian statistics,ecological extremes,geostatistical models,heavy-tailed distributions,mountain pine beetle,multivariate-t distribution,random fields,spatial statistics,spatiotemporal models,Stan},
  language = {en},
  number = {1}
}

@Article{         anderson2019synopsis,
  author        = {Anderson, S. C. and Keppel, E. A. and Edwards, A. M.},
  year          = {2019},
  title         = {A reproducible data synopsis for over 100 species of {British
                  Columbia} groundfish},
  journal       = {DFO Can. Sci. Advis. Sec. Res. Doc.},
  volume        = {2019/041
                  {\url{http://www.dfo-mpo.gc.ca/csas-sccs/Publications/ResDocs-DocRech/2019/2019_041-eng.html}}}
}

@article{angert2011,
  title = {Do Species' Traits Predict Recent Shifts at Expanding Range Edges?},
  author = {Angert, Amy L. and Crozier, Lisa G. and Rissler, Leslie J. and Gilman, Sarah E. and Tewksbury, Josh J. and Chunco, Amanda J.},
  year = {2011},
  volume = {14},
  pages = {677--689},
  doi = {10.1111/j.1461-0248.2011.01620.x},
  copyright = {\textcopyright{} 2011 Blackwell Publishing Ltd/CNRS},
  journal = {Ecol. Lett.},
  keywords = {Dispersal,global climate change,life history,range expansion},
  language = {en},
  number = {7}
}

@article{ateweberhan2010,
  title = {Relationship between Historical Sea-Surface Temperature Variability and Climate Change-Induced Coral Mortality in the Western {{Indian Ocean}}},
  author = {Ateweberhan, M. and McClanahan, Tim R.},
  year = {2010},
  volume = {60},
  pages = {964--970},
  doi = {10.1016/j.marpolbul.2010.03.033},
  journal = {Marine Pollution Bulletin},
  keywords = {1998 Climatic oscillation,Climate change,Climatic disturbance,Coral bleaching,Coral cover change,El Nino/Southern Oscillation (ENSO),SST distributions,Temperature variation},
  number = {7}
}

@article{auger-methe2016,
  title = {State-Space Models' Dirty Little Secrets: Even Simple Linear {{Gaussian}} Models Can Have Estimation Problems},
  author = {{Auger-M{\'e}th{\'e}}, Marie and Field, Chris and Albertsen, Christoffer M. and Derocher, Andrew E. and Lewis, Mark A. and Jonsen, Ian D. and Mills Flemming, Joanna},
  year = {2016},
  volume = {6},
  doi = {10.1038/srep26677},
  journal = {Sci Rep},
  pmcid = {PMC4879567}
}

@article{baker2016,
  title = {Choice of Baseline Climate Data Impacts Projected Species' Responses to Climate Change},
  author = {Baker, David J. and Hartley, Andrew J. and Butchart, Stuart H. M. and Willis, Stephen G.},
  year = {2016},
  volume = {22},
  pages = {2392--2404},
  doi = {10.1111/gcb.13273},
  copyright = {\textcopyright{} 2016 John Wiley \& Sons Ltd},
  journal = {Glob. Change Biol.},
  keywords = {change factor method,downscaling,general circulation models,important bird and biodiversity areas,satellite remote sensing,species distribution model,Sub-Saharan Africa},
  language = {en},
  number = {7}
}

@book{banerjee2004,
  title = {Hierarchical Modeling and Analysis for Spatial Data},
  author = {Banerjee, Sudipto and Carlin, Bradley P. and Gelfand, Alan E.},
  year = {2004},
  publisher = {{Chapman \& Hall/CRC}},
  address = {{Boca Raton, Fla.}},
  isbn = {978-1-58488-410-1},
  language = {en},
  note = {OCLC: 249306222},
  number = {101},
  series = {Monographs on Statistics and Applied Probability}
}

@article{banerjee2008,
  title = {Gaussian Predictive Process Models for Large Spatial Data Sets},
  author = {Banerjee, Sudipto and Gelfand, Alan E. and Finley, Andrew O. and Sang, Huiyan},
  year = {2008},
  volume = {70},
  pages = {825--848},
  journal = {J. R. Stat. Soc. Ser. B Stat. Methodol.},
  number = {4}
}

@article{baranov,
  title = {Complex and Nonlinear Climate-Driven Changes in Freshwater Insect Communities over 42 Years},
  author = {Baranov, Viktor and Jourdan, Jonas and Pilotto, Francesca and Wagner, R{\"u}diger and Haase, Peter},
  volume = {n/a},
  doi = {10.1111/cobi.13477},
  copyright = {\textcopyright{} 2020 The Authors. Conservation Biology published by Wiley Periodicals, Inc. on behalf of Society for Conservation Biology},
  journal = {Conserv. Biol.},
  keywords = {caddisflies,climate warming,discharge alteration,long-term observations,mayflies,rapid abundance decline,stoneflies},
  language = {en},
  number = {n/a}
}

@article{barbeaux2018,
  title = {Ontogeny Matters: {{Climate}} Variability and Effects on Fish Distribution in the Eastern {{Bering Sea}}},
  author = {Barbeaux, Steven J. and Hollowed, Anne B.},
  year = {2018},
  volume = {27},
  pages = {1--15},
  doi = {10.1111/fog.12229},
  copyright = {Published 2017. This article is a U.S. Government work and is in the public domain in the USA.},
  journal = {Fish. Oceanogr.},
  keywords = {Bering Sea,climate change,ecosystem,fish distribution,fisheries,ontogenetic migration},
  language = {en},
  number = {1}
}

@article{barnett2019,
  title = {Dynamic Spatial Heterogeneity Reveals Interdependence of Marine Faunal Density and Fishery Removals},
  author = {Barnett, Lewis A. K. and Ward, Eric J. and Jannot, Jason E. and Shelton, Andrew O.},
  year = {2019},
  volume = {107},
  pages = {105585},
  doi = {10.1016/j.ecolind.2019.105585},
  journal = {Ecological Indicators},
  keywords = {Discards,Ecological stability,Spatial dynamics,Spatial heterogeneity,Species distributions}
}

@article{barnett2019a,
  title = {Dynamic Spatial Heterogeneity Reveals Interdependence of Marine Faunal Density and Fishery Removals},
  author = {Barnett, Lewis A. K. and Ward, Eric J. and Jannot, Jason E. and Shelton, Andrew O.},
  year = {2019},
  volume = {107},
  pages = {105585},
  doi = {10.1016/j.ecolind.2019.105585},
  journal = {Ecological Indicators}
}

@article{bates2014,
  title = {Defining and Observing Stages of Climate-Mediated Range Shifts in Marine Systems},
  author = {Bates, Amanda E. and Pecl, Gretta T. and Frusher, Stewart and Hobday, Alistair J. and Wernberg, Thomas and Smale, Dan A. and Sunday, Jennifer M. and Hill, Nicole A. and Dulvy, Nicholas K. and Colwell, Robert K. and Holbrook, Neil J. and Fulton, Elizabeth A. and Slawinski, Dirk and Feng, Ming and Edgar, Graham J. and Radford, Ben T. and Thompson, Peter A. and Watson, Reg A.},
  year = {2014},
  volume = {26},
  pages = {27--38},
  doi = {10.1016/j.gloenvcha.2014.03.009},
  journal = {Global Environmental Change},
  keywords = {Abundanceâ€“occupancy relationship,Attribution,Biogeography,Prediction,Species redistribution,Warming}
}

@article{bell2015,
  title = {Disentangling the Effects of Climate, Abundance, and Size on the Distribution of Marine Fish: An Example Based on Four Stocks from the {{Northeast US}} Shelf},
  author = {Bell, Richard J. and Richardson, David E. and Hare, Jonathan A. and Lynch, Patrick D. and Fratantoni, Paula S.},
  year = {2015},
  volume = {72},
  pages = {1311--1322},
  doi = {10.1093/icesjms/fsu217},
  journal = {ICES J Mar Sci},
  language = {en},
  number = {5}
}

@article{bennett2018,
  title = {{{GlobTherm}}, a Global Database on Thermal Tolerances for Aquatic and Terrestrial Organisms},
  author = {Bennett, Joanne M. and Calosi, Piero and {Clusella-Trullas}, Susana and Mart{\'i}nez, Brezo and Sunday, Jennifer and Algar, Adam C. and Ara{\'u}jo, Miguel B. and Hawkins, Bradford A. and Keith, Sally and K{\"u}hn, Ingolf and Rahbek, Carsten and Rodr{\'i}guez, Laura and Singer, Alexander and Villalobos, Fabricio and {\'A}ngel Olalla-T{\'a}rraga, Miguel and {Morales-Castilla}, Ignacio},
  year = {2018},
  volume = {5},
  pages = {180022},
  doi = {10.1038/sdata.2018.22},
  journal = {Sci. Data},
  language = {en}
}

@article{bian2016,
  title = {Interactive Effects of Incubation Temperature and Salinity on the Early Life Stages of Pacific Cod {{Gadus}} Macrocephalus},
  author = {Bian, Xiaodong and Zhang, Xiumei and Sakurai, Yasunari and Jin, Xianshi and Wan, Ruijing and Gao, Tianxiang and Yamamoto, Jun},
  year = {2016},
  volume = {124},
  pages = {117--128},
  doi = {10.1016/j.dsr2.2015.01.019},
  journal = {Deep Sea Research Part II: Topical Studies in Oceanography},
  keywords = {Developmental rate,Hatchability,Stage at hatch larvae,Thermal niche},
  series = {Response of {{Biogeochemical Cycles}} and {{Ecosystem}} in the {{East China Sea}} to the {{Multi}}-Stressors}
}

@article{bini2009,
  title = {Coefficient Shifts in Geographical Ecology: An Empirical Evaluation of Spatial and Non-Spatial Regression},
  author = {Bini, L. Mauricio and Diniz-Filho, J. Alexandre F. and Rangel, Thiago F. L. V. B. and Akre, Thomas S. B. and Albaladejo, Rafael G. and Albuquerque, Fabio S. and Aparicio, Abelardo and Ara{\'u}jo, Miguel B. and Baselga, Andr{\'e}s and Beck, Jan and Bellocq, M. Isabel and B{\"o}hning-Gaese, Katrin and Borges, Paulo A. V. and Castro-Parga, Isabel and Chey, Vun Khen and Chown, Steven L. and Jr, Paulo De Marco and Dobkin, David S. and Ferrer-Cast{\'a}n, Dolores and Field, Richard and Filloy, Julieta and Fleishman, Erica and G{\'o}mez, Jose F. and Hortal, Joaqu{\'i}n and Iverson, John B. and Kerr, Jeremy T. and Kissling, W. Daniel and Kitching, Ian J. and Le{\'o}n-Cort{\'e}s, Jorge L. and Lobo, Jorge M. and Montoya, Daniel and Morales-Castilla, Ignacio and Moreno, Juan C. and Oberdorff, Thierry and Olalla-T{\'a}rraga, Miguel {\'A} and Pausas, Juli G. and Qian, Hong and Rahbek, Carsten and Rodr{\'i}guez, Miguel {\'A} and Rueda, Marta and Ruggiero, Adriana and Sackmann, Paula and Sanders, Nathan J. and Terribile, Levi Carina and Vetaas, Ole R. and Hawkins, Bradford A.},
  year = {2009},
  volume = {32},
  pages = {193--204},
  doi = {10.1111/j.1600-0587.2009.05717.x},
  copyright = {\textcopyright{} 2009 The Authors},
  journal = {Ecography},
  language = {en},
  number = {2}
}

@article{bivand2015,
  title = {Spatial {{Data Analysis}} with {{{\emph{R}}}} - {{{\textbf{INLA}}}} with {{Some Extensions}}},
  author = {Bivand, Roger S. and {G{\'o}mez-Rubio}, Virgilio and Rue, H{\aa}vard},
  year = {2015},
  volume = {63},
  doi = {10.18637/jss.v063.i20},
  journal = {J. Stat. Softw.},
  language = {en},
  number = {20}
}

@article{bograd2008,
  title = {Oxygen Declines and the Shoaling of the Hypoxic Boundary in the {{California Current}}},
  author = {Bograd, Steven J. and Castro, Carmen G. and Lorenzo, Emanuele Di and Palacios, Daniel M. and Bailey, Helen and Gilly, William and Chavez, Francisco P.},
  year = {2008},
  volume = {35},
  doi = {10.1029/2008GL034185},
  copyright = {Copyright 2008 by the American Geophysical Union.},
  journal = {Geophys. Res. Lett.},
  keywords = {CalCOFI,California Current System,dissolved oxygen,hypoxia,oxygen minimum layer},
  language = {en},
  number = {12}
}

@book{bolker2008,
  title = {Ecological Models and Data in {{R}}},
  author = {Bolker, Benjamin M.},
  year = {2008},
  publisher = {{Princeton University Press}},
  isbn = {1-4008-4090-2}
}

@article{brambilla2020,
  title = {Species Interactions and Climate Change: {{How}} the Disruption of Species Co-occurrence Will Impact on an Avian Forest Guild},
  author = {Brambilla, Mattia and Scridel, Davide and Bazzi, Gaia and Ilahiane, Luca and Iemma, Aaron and Pedrini, Paolo and Bassi, Enrico and Bionda, Radames and Marchesi, Luigi and Genero, Fulvio and Teufelbauer, Norbert and Probst, Remo and Vrezec, Al and Kmecl, Primo{\v z} and Miheli{\v c}, Toma{\v z} and Bogliani, Giuseppe and Schmid, Hans and Assandri, Giacomo and Pontarini, Renato and Braunisch, Veronika and Arlettaz, Rapha{\"e}l and Chamberlain, Dan},
  year = {2020},
  pages = {gcb.14953},
  doi = {10.1111/gcb.14953},
  journal = {Glob Change Biol},
  language = {en}
}

@article{breitburg2018,
  title = {Declining Oxygen in the Global Ocean and Coastal Waters},
  author = {Breitburg, Denise and Levin, Lisa A. and Oschlies, Andreas and Gr{\'e}goire, Marilaure and Chavez, Francisco P. and Conley, Daniel J. and Gar{\c c}on, V{\'e}ronique and Gilbert, Denis and Guti{\'e}rrez, Dimitri and Isensee, Kirsten and Jacinto, Gil S. and Limburg, Karin E. and Montes, Ivonne and Naqvi, S. W. A. and Pitcher, Grant C. and Rabalais, Nancy N. and Roman, Michael R. and Rose, Kenneth A. and Seibel, Brad A. and Telszewski, Maciej and Yasuhara, Moriaki and Zhang, Jing},
  year = {2018},
  volume = {359},
  pages = {eaam7240},
  doi = {10.1126/science.aam7240},
  copyright = {Copyright \textcopyright{} 2018 The Authors, some rights reserved; exclusive licensee American Association for the Advancement of Science. No claim to original U.S. Government Works. http://www.sciencemag.org/about/science-licenses-journal-article-reuseThis is an article distributed under the terms of the Science Journals Default License.},
  journal = {Science},
  language = {en},
  number = {6371}
}

@article{brito-morales2018,
  title = {Climate {{Velocity Can Inform Conservation}} in a {{Warming World}}},
  author = {{Brito-Morales}, Isaac and Garc{\'i}a Molinos, Jorge and Schoeman, David S. and Burrows, Michael T. and Poloczanska, Elvira S. and Brown, Christopher J. and Ferrier, Simon and Harwood, Tom D. and Klein, Carissa J. and {McDonald-Madden}, Eve and Moore, Pippa J. and Pandolfi, John M. and Watson, James E. M. and Wenger, Amelia S. and Richardson, Anthony J.},
  year = {2018},
  volume = {33},
  pages = {441--457},
  doi = {10.1016/j.tree.2018.03.009},
  journal = {Trends in Ecology \& Evolution},
  keywords = {biodiversity,climate change,climate velocity,climate-analog velocity,conservation},
  language = {en},
  number = {6}
}

  @Manual{vocc,
    title = {vocc: Functions for Calculating the Velocity of Climate Change},
    author = {Christopher Brown and David Schoeman},
    year = {2020},
    note = {R package version 0.1.1},
  }

@article{burrows2011,
  title = {The pace of shifting climate in marine and terrestrial ecosystems},
  author = {Burrows, Michael T. and Schoeman, David S. and Buckley, Lauren B. and Moore, Pippa and Poloczanska, Elvira S. and Brander, Keith M. and Brown, Chris and Bruno, John F. and Duarte, Carlos M. and Halpern, Benjamin S. and Holding, Johnna and Kappel, Carrie V. and Kiessling, Wolfgang and O'Connor, Mary I. and Pandolfi, John M. and Parmesan, Camille and Schwing, Franklin B. and Sydeman, William J. and Richardson, Anthony J.},
  year = {2011},
  volume = {334},
  pages = {652-655},
  journal = {Science},
  journal1 = {Science},
  keywords = {bibdesk,climate-change,climate-velocity,range-shifts},
  number = {6056}
}

@article{burrows2011a,
  title = {The {{Pace}} of {{Shifting Climate}} in {{Marine}} and {{Terrestrial Ecosystems}}},
  author = {Burrows, M. T. and Schoeman, D. S. and Buckley, L. B. and Moore, P. and Poloczanska, E. S. and Brander, K. M. and Brown, C. and Bruno, J. F. and Duarte, C. M. and Halpern, B. S. and Holding, J. and Kappel, C. V. and Kiessling, W. and O'Connor, M. I. and Pandolfi, J. M. and Parmesan, C. and Schwing, F. B. and Sydeman, W. J. and Richardson, A. J.},
  year = {2011},
  volume = {334},
  pages = {652--655},
  doi = {10.1126/science.1210288},
  journal = {Science},
  language = {en},
  number = {6056}
}

@article{burrows2011b,
  title = {The {{Pace}} of {{Shifting Climate}} in {{Marine}} and {{Terrestrial Ecosystems}}},
  author = {Burrows, Michael T. and Schoeman, David S. and Buckley, Lauren B. and Moore, Pippa and Poloczanska, Elvira S. and Brander, Keith M. and Brown, Chris and Bruno, John F. and Duarte, Carlos M. and Halpern, Benjamin S. and Holding, Johnna and Kappel, Carrie V. and Kiessling, Wolfgang and O'Connor, Mary I. and Pandolfi, John M. and Parmesan, Camille and Schwing, Franklin B. and Sydeman, William J. and Richardson, Anthony J.},
  year = {2011},
  volume = {334},
  pages = {652--655},
  doi = {10.1126/science.1210288},
  copyright = {Copyright \textcopyright{} 2011, American Association for the Advancement of Science},
  journal = {Science},
  language = {en},
  number = {6056}
}

@article{burrows2014,
  title = {Geographical Limits to Species-Range Shifts Are Suggested by Climate Velocity},
  author = {Burrows, Michael T. and Schoeman, David S. and Richardson, Anthony J. and Molinos, Jorge Garc{\'i}a and Hoffmann, Ary and Buckley, Lauren B. and Moore, Pippa J. and Brown, Christopher J. and Bruno, John F. and Duarte, Carlos M. and Halpern, Benjamin S. and {Hoegh-Guldberg}, Ove and Kappel, Carrie V. and Kiessling, Wolfgang and O'Connor, Mary I. and Pandolfi, John M. and Parmesan, Camille and Sydeman, William J. and Ferrier, Simon and Williams, Kristen J. and Poloczanska, Elvira S.},
  year = {2014},
  volume = {507},
  pages = {492--495},
  doi = {10.1038/nature12976},
  journal = {Nature},
  language = {en},
  number = {7493}
}

@article{cahill2013,
  title = {How Does Climate Change Cause Extinction?},
  author = {Cahill, Abigail E. and {Aiello-Lammens}, Matthew E. and {Fisher-Reid}, M. Caitlin and Hua, Xia and Karanewsky, Caitlin J. and Ryu, Hae Yeong and Sbeglia, Gena C. and Spagnolo, Fabrizio and Waldron, John B. and Warsi, Omar and Wiens, John J.},
  year = {2013},
  volume = {280},
  pages = {20121890},
  doi = {10.1098/rspb.2012.1890},
  copyright = {\textcopyright{} 2012 The Author(s) Published by the Royal Society. All rights reserved.},
  journal = {Proc. R. Soc. B},
  language = {en},
  number = {1750}
}

@article{capelle2019,
  title = {Time-Series {{CH4}} Measurements from {{Saanich Inlet}}, {{BC}}, a Seasonally Anoxic Fjord},
  author = {Capelle, David W. and Hallam, Steven J. and Tortell, Philippe D.},
  year = {2019},
  volume = {215},
  pages = {103664},
  doi = {10.1016/j.marchem.2019.103664},
  journal = {Marine Chemistry},
  language = {en}
}

@article{carroll,
  title = {A Review of Methods for Quantifying Spatial Predator\textendash{}Prey Overlap},
  author = {Carroll, Gemma and Holsman, Kirstin K. and Brodie, Stephanie and Thorson, James T. and Hazen, Elliott L. and Bograd, Steven J. and Haltuch, Melissa A. and Kotwicki, Stan and Samhouri, Jameal and Spencer, Paul and Willis-Norton, Ellen and Selden, Rebecca L.},
  volume = {0},
  doi = {10.1111/geb.12984},
  copyright = {\textcopyright{} 2019 John Wiley \& Sons Ltd},
  journal = {Glob. Ecol. Biogeogr.},
  keywords = {arrowtooth flounder,climate change,cold pool,Eastern Bering Sea,ecosystem models,predatorâ€“prey overlap,spatial overlap,species distribution models,species interactions,walleye pollock},
  language = {en},
  number = {0}
}

@article{carroll2015,
  title = {Biotic and {{Climatic Velocity Identify Contrasting Areas}} of {{Vulnerability}} to {{Climate Change}}},
  author = {Carroll, Carlos and Lawler, Joshua J. and Roberts, David R. and Hamann, Andreas},
  year = {2015},
  volume = {10},
  pages = {e0140486},
  doi = {10.1371/journal.pone.0140486},
  journal = {PLOS ONE},
  keywords = {Amphibians,Birds,Climate change,Conservation science,Ecological niches,Mammals,Paleoclimatology,Velocity},
  language = {en},
  number = {10}
}

@article{carroll2017,
  title = {Scale-Dependent Complementarity of Climatic Velocity and Environmental Diversity for Identifying Priority Areas for Conservation under Climate Change},
  author = {Carroll, Carlos and Roberts, David R. and Michalak, Julia L. and Lawler, Joshua J. and Nielsen, Scott E. and Stralberg, Diana and Hamann, Andreas and Mcrae, Brad H. and Wang, Tongli},
  year = {2017},
  volume = {23},
  pages = {4508--4520},
  doi = {10.1111/gcb.13679},
  copyright = {\textcopyright{} 2017 The Authors. Global Change Biology Published by John Wiley \& Sons Ltd},
  journal = {Glob. Change Biol.},
  keywords = {climate change adaptation,climatic velocity,conservation planning,environmental diversity,land facets,protected areas,refugia},
  language = {en},
  number = {11}
}

@article{carroll2018,
  title = {Climatic, Topographic, and Anthropogenic Factors Determine Connectivity between Current and Future Climate Analogs in {{North America}}},
  author = {Carroll, Carlos and Parks, Sean A. and Dobrowski, Solomon Z. and Roberts, David R.},
  year = {2018},
  volume = {24},
  pages = {5318--5331},
  doi = {10.1111/gcb.14373},
  copyright = {\textcopyright{} 2018 The Authors. Global Change Biology Published by John Wiley \& Sons Ltd.},
  journal = {Glob. Change Biol.},
  keywords = {climate change adaptation,connectivity,conservation planning,graph theory,protected areas,refugia},
  language = {en},
  number = {11}
}

@article{carroll2019,
  title = {A Review of Methods for Quantifying Spatial Predator\textendash{}Prey Overlap},
  author = {Carroll, Gemma and Holsman, Kirstin K. and Brodie, Stephanie and Thorson, James T. and Hazen, Elliott L. and Bograd, Steven J. and Haltuch, Melissa A. and Kotwicki, Stan and Samhouri, Jameal and Spencer, Paul and {Willis-Norton}, Ellen and Selden, Rebecca L.},
  year = {2019},
  volume = {0},
  doi = {10.1111/geb.12984},
  journal = {Global Ecology and Biogeography},
  keywords = {arrowtooth flounder,climate change,cold pool,Eastern Bering Sea,ecosystem models,predatorâ€“prey overlap,spatial overlap,species distribution models,species interactions,walleye pollock},
  number = {0}
}

@article{cavieres2018,
  title = {Using a Spatio-Temporal {{Bayesian}} Approach to Estimate the Relative Abundance Index of Yellow Squat Lobster ({{Cervimunida}} Johni) off {{Chile}}},
  author = {Cavieres, Joaquin and Nicolis, Orietta},
  year = {2018},
  volume = {208},
  pages = {97--104},
  doi = {10.1016/j.fishres.2018.07.002},
  journal = {Fisheries Research}
}

@article{chan2008,
  title = {Emergence of {{Anoxia}} in the {{California Current Large Marine Ecosystem}}},
  author = {Chan, F. and Barth, J. A. and Lubchenco, J. and Kirincich, A. and Weeks, H. and Peterson, W. T. and Menge, B. A.},
  year = {2008},
  volume = {319},
  pages = {920--920},
  doi = {10.1126/science.1149016},
  copyright = {American Association for the Advancement of Science},
  journal = {Science},
  language = {en},
  number = {5865}
}

@article{chen2011,
  title = {Rapid Range Shifts of Species Associated with High Levels of Climate Warming},
  author = {Chen, I.-Ching and Hill, Jane K. and Ohlem{\"u}ller, Ralf and Roy, David B. and Thomas, Chris D.},
  year = {2011},
  volume = {333},
  pages = {1024--1026},
  doi = {10.1126/science.1206432},
  copyright = {Copyright \textcopyright{} 2011, American Association for the Advancement of Science},
  journal = {Science},
  language = {en},
  number = {6045}
}

@article{chen2015,
  title = {New Climate Velocity Algorithm Is Nearly Equivalent to Simple Species Distribution Modeling Methods},
  author = {Chen, Youhua},
  year = {2015},
  volume = {21},
  pages = {2832--2833},
  doi = {10.1111/gcb.12943},
  journal = {Glob. Change Biol.},
  language = {en},
  number = {8}
}

@article{chen2015a,
  title = {Analyze Causal Relations between Climatic and Biotic Velocities Using Circular Statistics so as to Inform Biodiversity Conservation},
  author = {Chen, Youhua},
  year = {2015},
  volume = {24},
  pages = {3627--3628},
  doi = {10.1007/s10531-015-1025-2},
  journal = {Biodivers Conserv},
  keywords = {Circular Statistic,Conservation Ecologist,Conventional Regression,Direction Component,Directional Data},
  language = {en},
  number = {14}
}

@article{cheng2019,
  title = {How Fast Are the Oceans Warming?},
  author = {Cheng, Lijing and Abraham, John and Hausfather, Zeke and Trenberth, Kevin E.},
  year = {2019},
  volume = {363},
  pages = {128--129},
  doi = {10.1126/science.aav7619},
  copyright = {Copyright \textcopyright{} 2019, American Association for the Advancement of Science. http://www.sciencemag.org.proxy.lib.sfu.ca/about/science-licenses-journal-article-reuseThis is an article distributed under the terms of the Science Journals Default License.},
  journal = {Science},
  language = {en},
  number = {6423}
}

@article{cheung2010,
  title = {Large-Scale Redistribution of Maximum Fisheries Catch Potential in the Global Ocean under Climate Change},
  author = {Cheung, William W. L. and Lam, Vicky W. Y. and Sarmiento, Jorge L. and Kearney, Kelly and Watson, Reg and Zeller, Dirk and Pauly, Daniel},
  year = {2010},
  volume = {16},
  pages = {24--35},
  doi = {10.1111/j.1365-2486.2009.01995.x},
  copyright = {\textcopyright{} 2009 Blackwell Publishing Ltd},
  journal = {Glob. Change Biol.},
  keywords = {catch,climate change,fisheries,global,marine,redistribution},
  language = {en},
  number = {1}
}

@article{cheung2013,
  title = {Signature of Ocean Warming in Global Fisheries Catch},
  author = {Cheung, William W. L. and Watson, Reg and Pauly, Daniel},
  year = {2013},
  volume = {497},
  pages = {365--368},
  doi = {10.1038/nature12156},
  journal = {Nature},
  language = {en},
  number = {7449}
}

@article{chivers2017,
  title = {Mismatch between Marine Plankton Range Movements and the Velocity of Climate Change},
  author = {Chivers, William J. and Walne, Anthony W. and Hays, Graeme C.},
  year = {2017},
  volume = {8},
  pages = {1--8},
  doi = {10.1038/ncomms14434},
  copyright = {2017 The Author(s)},
  journal = {Nat Commun},
  language = {en},
  number = {1}
}

@article{coffey2015,
  title = {First Autonomous Recording of in Situ Dissolved Oxygen from Free-Ranging Fish},
  author = {Coffey, Daniel M. and Holland, Kim N.},
  year = {2015},
  volume = {3},
  pages = {47},
  doi = {10.1186/s40317-015-0088-x},
  journal = {Animal Biotelemetry},
  number = {1}
}

@article{coma2009,
  title = {Global Warming-Enhanced Stratification and Mass Mortality Events in the {{Mediterranean}}},
  author = {Coma, Rafel and Ribes, Marta and Serrano, Eduard and Jim{\'e}nez, Eroteida and Salat, Jordi and Pascual, Josep},
  year = {2009},
  pages = {pnas.0805801106},
  doi = {10.1073/pnas.0805801106},
  journal = {PNAS},
  keywords = {benthic suspension feeders,climatic anomalies,energetic constraints,extreme events,summer lengthening},
  language = {en}
}

@article{comte2015,
  title = {Distribution Shifts of Freshwater Fish under a Variable Climate: Comparing Climatic, Bioclimatic and Biotic Velocities},
  author = {Comte, Lise and Grenouillet, Ga{\"e}l},
  year = {2015},
  volume = {21},
  pages = {1014--1026},
  doi = {10.1111/ddi.12346},
  copyright = {\textcopyright{} 2015 John Wiley \& Sons Ltd},
  journal = {Divers. Distrib.},
  keywords = {Climate variability,colonization,extinction,occupancy models,range limits,vulnerability},
  language = {en},
  number = {9}
}

@article{connolly2010,
  title = {Processes Influencing Seasonal Hypoxia in the Northern {{California Current System}}},
  author = {Connolly, T. P. and Hickey, B. M. and Geier, S. L. and Cochlan, W. P.},
  year = {2010},
  volume = {115},
  doi = {10.1029/2009JC005283},
  journal = {Journal of Geophysical Research: Oceans},
  keywords = {California Current,hypoxia,upwelling},
  number = {C3}
}

@article{crawford2013,
  title = {Declining {{Oxygen}} on the {{British Columbia Continental Shelf}}},
  author = {Crawford, William R. and Pe{\~n}a, M. Angelica},
  year = {2013},
  volume = {51},
  pages = {88--103},
  doi = {10.1080/07055900.2012.753028},
  journal = {Atmosphere-Ocean},
  keywords = {Gulf of Alaska,hypoxia,Juan de Fuca,oxygen,Vancouver Island},
  number = {1}
}

@article{cummins2012,
  title = {Wind-Driven Variability of Dissolved Oxygen below the Mixed Layer at {{Station P}}},
  author = {Cummins, Patrick F. and Masson, Diane},
  year = {2012},
  volume = {117},
  doi = {10.1029/2011JC007847},
  copyright = {\textcopyright{}2012. American Geophysical Union. All Rights Reserved.},
  journal = {J. Geophys. Res. Oceans},
  keywords = {Ekman pumping,long-term trends,oxygen variability,Station P},
  language = {en},
  number = {C8}
}

@phdthesis{currie2017,
  title = {Historical Baselines and a Century of Change in the Demersal Fish Assemblages on {{South Africa}}'s {{Agulhas Bank}}},
  author = {Currie, Jock},
  year = {2017},
  language = {eng},
  school = {University of Cape Town},
  type = {Thesis}
}

@article{currie2019,
  title = {A Novel Approach to Assess Distribution Trends from Fisheries Survey Data},
  author = {Currie, Jock C. and Thorson, James T. and Sink, Kerry J. and Atkinson, Lara J. and Fairweather, Tracey P. and Winker, Henning},
  year = {2019},
  volume = {214},
  pages = {98--109},
  doi = {10.1016/j.fishres.2019.02.004},
  journal = {Fish. Res.},
  language = {en}
}

@article{defriez2017,
  title = {A Global Geography of Synchrony for Marine Phytoplankton},
  author = {Defriez, Emma J. and Reuman, Daniel C.},
  year = {2017},
  volume = {26},
  pages = {867--877},
  doi = {10.1111/geb.12594},
  copyright = {\textcopyright{} 2017 The Authors. Global Ecology and Biogeography Published by John Wiley \& Sons Ltd},
  journal = {Glob. Ecol. Biogeogr.},
  language = {en},
  number = {8}
}

@article{deutsch2005,
  title = {Fingerprints of Climate Change in {{North Pacific}} Oxygen},
  author = {Deutsch, Curtis and Emerson, Steven and Thompson, LuAnne},
  year = {2005},
  volume = {32},
  doi = {10.1029/2005GL023190},
  copyright = {Copyright 2005 by the American Geophysical Union.},
  journal = {Geophys. Res. Lett.},
  language = {en},
  number = {16}
}

@article{dormann2007,
  title = {Methods to Account for Spatial Autocorrelation in the Analysis of Species Distributional Data: A Review},
  author = {Dormann, Carsten F. and McPherson, Jana M. and Ara{\'u}jo, Miguel B. and Bivand, Roger and Bolliger, Janine and Carl, Gudrun and Davies, Richard G. and Hirzel, Alexandre and Jetz, Walter and Kissling, W. Daniel and K{\"u}hn, Ingolf and Ohlem{\"u}ller, Ralf and Peres-Neto, Pedro R. and Reineking, Bj{\"o}rn and Schr{\"o}der, Boris and Schurr, Frank M. and Wilson, Robert},
  year = {2007},
  volume = {30},
  pages = {609--628},
  doi = {10.1111/j.2007.0906-7590.05171.x},
  journal = {Ecography},
  language = {en},
  number = {5}
}

@article{dormann2007a,
  title = {Assessing the Validity of Autologistic Regression},
  author = {Dormann, Carsten F.},
  year = {2007},
  volume = {207},
  pages = {234--242},
  doi = {10.1016/j.ecolmodel.2007.05.002},
  journal = {Ecol. Model.},
  language = {en},
  number = {2-4}
}

@article{dormann2009,
  title = {Response to {{Comment}} on ``{{Methods}} to Account for Spatial Autocorrelation in the Analysis of Species Distributional Data: A Review''},
  author = {Dormann, Carsten F.},
  year = {2009},
  volume = {32},
  pages = {379--381},
  doi = {10.1111/j.1600-0587.2009.05907.x},
  journal = {Ecography},
  language = {en},
  number = {3}
}

@article{dulvy2003,
  title = {Extinction Vulnerability in Marine Populations},
  author = {Dulvy, Nicholas K. and Sadovy, Yvonne and Reynolds, John D.},
  year = {2003},
  volume = {4},
  pages = {25--64},
  doi = {10.1046/j.1467-2979.2003.00105.x},
  journal = {Fish Fish.},
  keywords = {biodiversity,conservation,detection,fisheries,recovery,Red List,risk},
  language = {en},
  number = {1}
}

@article{dulvy2008,
  title = {Climate Change and Deepening of the {{North Sea}} Fish Assemblage: A Biotic Indicator of Warming Seas},
  author = {Dulvy, Nicholas K. and Rogers, Stuart I. and Jennings, Simon and Stelzenm{\"u}ller, Vanessa and Dye, Stephen R. and Skjoldal, Hein R.},
  year = {2008},
  volume = {45},
  pages = {1029--1039},
  doi = {10.1111/j.1365-2664.2008.01488.x},
  copyright = {\textcopyright{} 2008 The Authors. Journal compilation \textcopyright{} 2008 British Ecological Society},
  journal = {J. Appl. Ecol.},
  keywords = {climate change,habitat loss,invasive species,life-history trait,North Sea,regime shift,thermal preference},
  language = {en},
  number = {4}
}

@article{dunn,
  title = {Tweedie {{Family Densities}}: {{Methods}} of {{Evaluation}}},
  author = {Dunn, Peter K and Smyth, Gordon K},
  pages = {8},
  language = {en}
}

@article{elith2009,
  title = {Species {{Distribution Models}}: {{Ecological Explanation}} and {{Prediction Across Space}} and {{Time}}},
  author = {Elith, Jane and Leathwick, John R.},
  year = {2009},
  volume = {40},
  pages = {677--697},
  doi = {10.1146/annurev.ecolsys.110308.120159},
  journal = {Annu. Rev. Ecol. Evol. Syst.},
  keywords = {_tablet,sdm},
  number = {1}
}

@article{erasmus2002,
  title = {Vulnerability of {{South African}} Animal Taxa to Climate Change},
  author = {Erasmus, Barend F. N. and Jaarsveld, Albert S. Van and Chown, Steven L. and Kshatriya, Mrigesh and Wessels, Konrad J.},
  year = {2002},
  volume = {8},
  pages = {679--693},
  doi = {10.1046/j.1365-2486.2002.00502.x},
  journal = {Glob. Change Biol.},
  keywords = {conservation,fragmentation,land-use,range contraction},
  language = {en},
  number = {7}
}

@article{falkowski2011,
  title = {Ocean Deoxygenation: {{Past}}, Present, and Future},
  author = {Falkowski, Paul G. and Algeo, Thomas and Codispoti, Lou and Deutsch, Curtis and Emerson, Steven and Hales, Burke and Huey, Raymond B. and Jenkins, William J. and Kump, Lee R. and Levin, Lisa A. and Lyons, Timothy W. and Nelson, Norman B. and Schofield, Oscar S. and Summons, Roger and Talley, Lynne D. and Thomas, Ellen and Whitney, Frank and Pilcher, Carl B.},
  year = {2011},
  volume = {92},
  pages = {409--410},
  doi = {10.1029/2011EO460001},
  journal = {Eos, Transactions American Geophysical Union},
  keywords = {climate change,deoxygenation,eutrophication,ocean O2 content,ventilation,ventillation},
  number = {46}
}

@article{fall2018,
  title = {Seasonal Dynamics of Spatial Distributions and Overlap between {{Northeast Arctic}} Cod ({{Gadus}} Morhua) and Capelin ({{Mallotus}} Villosus) in the {{Barents Sea}}},
  author = {Fall, Johanna and Ciannelli, Lorenzo and Skaret, Georg and Johannesen, Edda},
  year = {2018},
  volume = {13},
  pages = {e0205921},
  doi = {10.1371/journal.pone.0205921},
  journal = {PLOS ONE},
  keywords = {Acoustics,Animal migration,Bioacoustics,Biomass,Cod,Ecosystems,Predation,Spawning},
  language = {en},
  number = {10}
}

@article{finley,
  title = {Efficient Algorithms for {{Bayesian Nearest Neighbor Gaussian Processes}}},
  author = {Finley, Andrew O and Datta, Abhirup and Cook, Bruce C and Morton, Douglas C and Andersen, Hans E and Banerjee, Sudipto},
  pages = {53},
  language = {en}
}

@article{finley2009,
  title = {Improving the Performance of Predictive Process Modeling for Large Datasets},
  author = {Finley, Andrew O. and Sang, Huiyan and Banerjee, Sudipto and Gelfand, Alan E.},
  year = {2009},
  volume = {53},
  pages = {2873--2884},
  doi = {10.1016/j.csda.2008.09.008},
  journal = {Comput. Stat. Data Anal.},
  language = {en},
  number = {8}
}

@article{finley2011,
  title = {Bayesian Dynamic Modeling for Large Space-Time Datasets Using {{Gaussian}} Predictive Processes},
  author = {Finley, Andrew O. and Banerjee, Sudipto and Gelfand, Alan E.},
  year = {2011},
  volume = {14},
  pages = {29--47},
  doi = {10.1007/s10109-011-0154-8},
  journal = {J Geogr Syst},
  keywords = {_tablet,spatiotemporal},
  language = {en},
  number = {1}
}

@article{flanagan2019,
  title = {Response of Marine Communities to Local Temperature Changes},
  author = {Flanagan, Patrick H. and Jensen, Olaf P. and Morley, James W. and Pinsky, Malin L.},
  year = {2019},
  volume = {42},
  pages = {214--224},
  doi = {10.1111/ecog.03961},
  copyright = {\textcopyright{} 2018 The Authors},
  journal = {Ecography},
  keywords = {climate change,community assembly,marine ecology},
  language = {en},
  number = {1}
}

@article{frank2018,
  title = {Exploitation Drives an Ontogenetic-like Deepening in Marine Fish},
  author = {Frank, Kenneth T. and Petrie, Brian and Leggett, William C. and Boyce, Daniel G.},
  year = {2018},
  pages = {201802096},
  doi = {10.1073/pnas.1802096115},
  copyright = {Copyright \textcopyright{} 2018 the Author(s). Published by PNAS.. This open access article is distributed under Creative Commons Attribution-NonCommercial-NoDerivatives License 4.0 (CC BY-NC-ND).},
  journal = {PNAS},
  language = {en}
}

@article{frederiksen2008,
  title = {The Demographic Impact of Extreme Events: Stochastic Weather Drives Survival and Population Dynamics in a Long-Lived Seabird},
  author = {Frederiksen, M. and Daunt, F. and Harris, M. P. and Wanless, S.},
  year = {2008},
  volume = {77},
  pages = {1020--1029},
  doi = {10.1111/j.1365-2656.2008.01422.x},
  copyright = {\textcopyright{} 2008 The Authors. Journal compilation \textcopyright{} 2008 British Ecological Society},
  journal = {J. Anim. Ecol.},
  keywords = {captureâ€“markâ€“recapture,modelling climate impacts,random-effect models,stochastic population dynamics},
  language = {en},
  number = {5}
}

@article{free2019,
  title = {Impacts of Historical Warming on Marine Fisheries Production},
  author = {Free, Christopher M. and Thorson, James T. and Pinsky, Malin L. and Oken, Kiva L. and Wiedenmann, John and Jensen, Olaf P.},
  year = {2019},
  volume = {363},
  pages = {979--983},
  doi = {10.1126/science.aau1758},
  copyright = {Copyright \textcopyright{} 2019 The Authors, some rights reserved; exclusive licensee American Association for the Advancement of Science. No claim to original U.S. Government Works. http://www.sciencemag.org/about/science-licenses-journal-article-reuseThis is an article distributed under the terms of the Science Journals Default License.},
  journal = {Science},
  language = {en},
  number = {6430}
}

@article{frejaville,
  title = {Range Margin Populations Show High Climate Adaptation Lags in {{European}} Trees},
  author = {Fr{\'e}javille, Thibaut and Vizca{\'i}no-Palomar, Natalia and Fady, Bruno and Kremer, Antoine and Garz{\'o}n, Marta Benito},
  volume = {n/a},
  doi = {10.1111/gcb.14881},
  copyright = {\textcopyright{} 2019 John Wiley \& Sons Ltd},
  journal = {Glob. Change Biol.},
  keywords = {climate margin,ecological optima,growth,intraspecific trait variation,local adaptation,natural species' distribution range,plasticity,tree height},
  language = {en},
  number = {n/a}
}

@article{frolicher2018,
  title = {Marine Heatwaves under Global Warming},
  author = {Fr{\"o}licher, Thomas L. and Fischer, Erich M. and Gruber, Nicolas},
  year = {2018},
  volume = {560},
  pages = {360},
  doi = {10.1038/s41586-018-0383-9},
  copyright = {2018 Springer Nature Limited},
  journal = {Nature},
  language = {En},
  number = {7718}
}

@article{fuller2015,
  title = {The Persistence of Populations Facing Climate Shifts and Harvest},
  author = {Fuller, Emma and Brush, Eleanor and Pinsky, Malin L.},
  year = {2015},
  volume = {6},
  pages = {art153},
  doi = {10.1890/ES14-00533.1},
  journal = {Ecosphere},
  number = {9}
}

@incollection{gallo2016,
  title = {Chapter {{Three}} - {{Fish Ecology}} and {{Evolution}} in the {{World}}'s {{Oxygen Minimum Zones}} and {{Implications}} of {{Ocean Deoxygenation}}},
  booktitle = {Advances in {{Marine Biology}}},
  author = {Gallo, N. D. and Levin, L. A.},
  editor = {Curry, Barbara E.},
  year = {2016},
  volume = {74},
  pages = {117--198},
  publisher = {{Academic Press}},
  doi = {10.1016/bs.amb.2016.04.001},
  keywords = {Climate change,Fish adaptations,Fish ecology,Fisheries,Hypoxia,Ocean deoxygenation,Oxygen-limited zone,Oxygen-minimum zone}
}

@article{gertseva2017,
  title = {Spatial Growth Variability in Marine Fish: Example from {{Northeast Pacific}} Groundfish},
  author = {Gertseva, Vladlena and Matson, Sean E. and Cope, Jason},
  year = {2017},
  volume = {74},
  pages = {1602--1613},
  doi = {10.1093/icesjms/fsx016},
  journal = {ICES J Mar Sci},
  language = {en},
  number = {6}
}

@article{guan2017,
  title = {The Influence of Complex Structure on the Spatial Dynamics of {{Atlantic}} Cod ({{Gadus}} Morhua) in the {{Gulf}} of {{Maine}}},
  author = {Guan, Lisha and Chen, Yong and Staples, Kevin W and Cao, Jie and Li, Bai},
  editor = {Hidalgo, Manuel},
  year = {2017},
  volume = {74},
  pages = {2379--2388},
  doi = {10.1093/icesjms/fsx064},
  journal = {ICES J. Mar. Sci.},
  language = {en},
  number = {9}
}

@article{hamann2015,
  title = {Velocity of Climate Change Algorithms for Guiding Conservation and Management},
  author = {Hamann, Andreas and Roberts, David R. and Barber, Quinn E. and Carroll, Carlos and Nielsen, Scott E.},
  year = {2015},
  volume = {21},
  pages = {997--1004},
  doi = {10.1111/gcb.12736},
  journal = {Glob. Change Biol.},
  language = {en},
  number = {2}
}

@article{hampe2005,
  title = {Conserving Biodiversity under Climate Change: The Rear Edge Matters},
  author = {Hampe, Arndt and Petit, R{\'e}my J.},
  year = {2005},
  volume = {8},
  pages = {461--467},
  doi = {10.1111/j.1461-0248.2005.00739.x},
  journal = {Ecol. Lett.},
  keywords = {Demography,diversification,extinction,genetic differentiation,glacial refugia,global change,leading edge,peripheral populations,Quaternary,trailing edge},
  language = {en},
  number = {5}
}

@article{harrison2017,
  title = {Endemism Hotspots Are Linked to Stable Climatic Refugia},
  author = {Harrison, Susan and Noss, Reed},
  year = {2017},
  volume = {119},
  pages = {207--214},
  doi = {10.1093/aob/mcw248},
  journal = {Ann Bot},
  language = {en},
  number = {2}
}

@article{hawkins2008,
  title = {Complex Interactions in a Rapidly Changing World: Responses of Rocky Shore Communities to Recent Climate Change},
  author = {Hawkins, S. J. and Moore, P. J. and Burrows, M. T. and Poloczanska, E. and Mieszkowska, N. and Herbert, R. J. H. and Jenkins, S. R. and Thompson, R. C. and Genner, M. J. and Southward, A. J.},
  year = {2008},
  volume = {37},
  pages = {123--133},
  doi = {10.3354/cr00768},
  journal = {Clim. Res.},
  language = {en},
  number = {2-3}
}

@article{heuze2014,
  title = {Changes in {{Global Ocean Bottom Properties}} and {{Volume Transports}} in {{CMIP5 Models}} under {{Climate Change Scenarios}}},
  author = {Heuz{\'e}, C{\'e}line and Heywood, Karen J. and Stevens, David P. and Ridley, Jeff K.},
  year = {2014},
  volume = {28},
  pages = {2917--2944},
  doi = {10.1175/JCLI-D-14-00381.1},
  journal = {J. Climate},
  number = {8}
}

@article{hickling2006,
  title = {The Distributions of a Wide Range of Taxonomic Groups Are Expanding Polewards},
  author = {Hickling, Rachael and Roy, David B. and Hill, Jane K. and Fox, Richard and Thomas, Chris D.},
  year = {2006},
  volume = {12},
  pages = {450--455},
  doi = {10.1111/j.1365-2486.2006.01116.x},
  journal = {Glob. Change Biol.},
  keywords = {climate change,distributions,range shifts},
  language = {en},
  number = {3}
}

@article{hiddink2015,
  title = {Temperature Tracking by {{North Sea}} Benthic Invertebrates in Response to Climate Change},
  author = {Hiddink, Jan G. and Burrows, Michael T. and Molinos, Jorge Garc{\'i}a},
  year = {2015},
  volume = {21},
  pages = {117--129},
  doi = {10.1111/gcb.12726},
  copyright = {\textcopyright{} 2014 John Wiley \& Sons Ltd},
  journal = {Glob. Change Biol.},
  keywords = {benthic invertebrate,benthos,distribution shifts,North Sea,sea bottom temperature,sea surface temperature,velocity of climate change},
  language = {en},
  number = {1}
}

@article{hilborn,
  title = {Measuring Fisheries Performance Using the ``{{Goldilocks}} Plot''},
  author = {Hilborn, Ray},
  doi = {10.1093/icesjms/fsy138},
  journal = {ICES J Mar Sci},
  language = {en}
}

@article{hoeting2009,
  title = {The Importance of Accounting for Spatial and Temporal Correlation in Analyses of Ecological Data},
  author = {Hoeting, Jennifer A.},
  year = {2009},
  volume = {19},
  pages = {574--577},
  doi = {10.1890/08-0836.1},
  journal = {Ecol. Appl.},
  keywords = {_tablet},
  language = {en},
  number = {3}
}

@article{holdsworth,
  title = {High Resolution Biogeochemical Modelling of Canadian Northeast Pacific Waters},
  author = {Holdsworth, Amber M and Christian, James R and Lu, Youyu},
  pages = {1},
  language = {en}
}

@article{hourigan,
  title = {The {{State}} of {{Deep}}-{{Sea Coral}} and {{Sponge Ecosystems}} of the {{United States}}},
  author = {Hourigan, Thomas F},
  pages = {481},
  language = {en}
}

@article{hsieh2008,
  title = {Spatial Analysis Shows That Fishing Enhances the Climatic Sensitivity of Marine Fishes},
  author = {Hsieh, Chih-hao and Reiss, Christian S and Hewitt, Roger P and Sugihara, George},
  year = {2008},
  volume = {65},
  pages = {947--961},
  doi = {10.1139/f08-017},
  journal = {Can. J. Fish. Aquat. Sci.},
  number = {5}
}

@article{hussey2017,
  title = {Movements of a Deep-Water Fish: Establishing Marine Fisheries Management Boundaries in Coastal {{Arctic}} Waters},
  author = {Hussey, Nigel E. and Hedges, Kevin J. and Barkley, Amanda N. and Treble, Margaret A. and Peklova, Iva and Webber, Dale M. and Ferguson, Steven H. and Yurkowski, David J. and Kessel, Steven T. and Bedard, Jeannette M. and Fisk, Aaron T.},
  year = {2017},
  volume = {27},
  pages = {687--704},
  doi = {10.1002/eap.1485},
  copyright = {\textcopyright{} 2016 by the Ecological Society of America},
  journal = {Ecol. Appl.},
  keywords = {acoustic telemetry,Canadian Arctic,catch per unit effort,declining ice cover,fisher location,fisheries planning,Reinhardtius hippoglossoides},
  language = {en},
  number = {3}
}

@article{illian,
  title = {Using {{INLA To Fit A Complex Point Process Model With Temporally Varying Effects}} -- {{A Case Study}}},
  author = {Illian, Janine B and S{\o}rbye, Sigrunn H and Rue, H{\aa}vard and Hendrichsen, Ditte K},
  pages = {25},
  language = {en}
}

@book{ipcc2007,
  title = {Climate Change 2007: {{Impacts}}, Adaptation and Vulnerability; Contribution of {{Working Group II}} to the {{Fourth Assessment Report}} of the {{Intergovernmental Panel}} on {{Climate Change}}},
  author = {IPCC},
  editor = {Parry, Martin L. and Canziani, Osvaldo and Palutikof, Jean and {van der Linden}, Paul and Hanson, Clair},
  year = {2007},
  volume = {4},
  publisher = {{Cambridge University Press}},
  isbn = {0-521-88010-6}
}

@article{jain1999,
  title = {Seasonality and Interannual Variations of Northern Hemisphere Temperature: Equator-to-Pole Gradient and Ocean\textendash{}Land Contrast},
  author = {Jain, Shaleen and Lall, Upmanu and Mann, Michael E.},
  year = {1999},
  volume = {12},
  pages = {1086--1100},
  doi = {10.1175/1520-0442(1999)012<1086:SAIVON>2.0.CO;2},
  journal = {J. Climate},
  number = {4}
}

@article{jentsch2007,
  title = {A New Generation of Climate-Change Experiments: Events, Not Trends},
  author = {Jentsch, Anke and Kreyling, J{\"u}rgen and Beierkuhnlein, Carl},
  year = {2007},
  volume = {5},
  pages = {365--374},
  doi = {10.1890/1540-9295(2007)5[365:ANGOCE]2.0.CO;2},
  copyright = {\textcopyright{} The Ecological Society of America},
  journal = {Front. Ecol. Environ.},
  language = {en},
  number = {7}
}

@article{jones-todd2018,
  title = {A Spatiotemporal Multispecies Model of a Semicontinuous Response},
  author = {Jones-Todd, Charlotte M. and Swallow, Ben and Illian, Janine B. and Toms, Mike},
  year = {2018},
  volume = {67},
  pages = {705--722},
  doi = {10.1111/rssc.12250},
  copyright = {\textcopyright{} 2017 Royal Statistical Society},
  journal = {J. R. Stat. Soc. Ser. C Appl. Stat.},
  keywords = {Integrated nested Laplace approximation,Joint model,Multivariate spatiotemporal modelling,Stochastic partial differential equation approach},
  language = {en},
  number = {3}
}

@article{jones2018,
  title = {Using Fuzzy Logic to Determine the Vulnerability of Marine Species to Climate Change},
  author = {Jones, Miranda C. and Cheung, William W. L.},
  year = {2018},
  volume = {24},
  pages = {e719-e731},
  doi = {10.1111/gcb.13869},
  copyright = {\textcopyright{} 2017 John Wiley \& Sons Ltd},
  journal = {Glob. Change Biol.},
  keywords = {climate change,fishes,fuzzy logic,invertebrates,marine,ocean acidification,risk of impacts,vulnerability},
  language = {en},
  number = {2}
}

@article{kai2017,
  title = {Spatiotemporal Variation in Size-Structured Populations Using Fishery Data: An Application to Shortfin Mako ({{Isurus}} Oxyrinchus) in the {{Pacific Ocean}}},
  author = {Kai, Mikihiko and Thorson, James T. and Piner, Kevin R. and Maunder, Mark N.},
  year = {2017},
  pages = {1--16},
  doi = {10.1139/cjfas-2016-0327},
  journal = {Can. J. Fish. Aquat. Sci.}
}

@article{keeling2010,
  title = {Ocean Deoxygenation in a Warming World},
  author = {Keeling, Ralph F. and K{\"o}rtzinger, Arne and Gruber, Nicolas},
  year = {2010},
  volume = {2},
  pages = {199--229},
  doi = {10.1146/annurev.marine.010908.163855},
  journal = {Annu. Rev. Mar. Sci.},
  number = {1}
}

@article{keister2020,
  title = {Zooplankton {{Community Response}} to {{Seasonal Hypoxia}}: {{A Test}} of {{Three Hypotheses}}},
  author = {Keister, Julie E. and Winans, Amanda K. and Herrmann, BethElLee},
  year = {2020},
  volume = {12},
  pages = {21},
  doi = {10.3390/d12010021},
  copyright = {http://creativecommons.org/licenses/by/3.0/},
  journal = {Diversity},
  keywords = {calanoids,community structure,copepods,cyclopoids,diversity,gelatinous zooplankton,Hood Canal,oxygen,Puget Sound},
  language = {en},
  number = {1}
}

@article{keith,
  title = {{{FORECASTING FUTURES}} - {{THE EFFECT OF AGE}}, {{ABUNDANCE}}, {{AND HARVESTING ON THE LONG}}-{{TERM SUSTAINABILITY OF MARINE FISHES}}},
  author = {Keith, David M},
  pages = {259},
  language = {en}
}

@article{keller2015,
  title = {Occurrence of Demersal Fishes in Relation to Near-Bottom Oxygen Levels within the {{California Current}} Large Marine Ecosystem},
  author = {Keller, Aimee A. and Ciannelli, Lorenzo and Wakefield, W. Waldo and Simon, Victor and Barth, John A. and Pierce, Stephen D.},
  year = {2015},
  volume = {24},
  pages = {162--176},
  doi = {10.1111/fog.12100},
  copyright = {\textcopyright{} 2015 John Wiley \& Sons Ltd},
  journal = {Fish. Oceanogr.},
  keywords = {bottom dissolved oxygen,demersal fish catch,Dover sole,greenstriped rockfish,Northeast Pacific,petrale sole,probability of occurrence,species richness,spotted ratfish},
  language = {en},
  number = {2}
}

@article{keller2017,
  title = {Species-Specific Responses of Demersal Fishes to near-Bottom Oxygen Levels within the {{California Current}} Large Marine Ecosystem},
  author = {Keller, Aimee A. and Ciannelli, Lorenzo and Wakefield, W. Waldo and Simon, Victor and Barth, John A. and Pierce, Stephen D.},
  year = {2017},
  volume = {568},
  pages = {151--173},
  doi = {10.3354/meps12066},
  journal = {Mar. Ecol. Prog. Ser.},
  language = {en}
}

@article{kissling2007,
  title = {Spatial Autocorrelation and the Selection of Simultaneous Autoregressive Models},
  author = {Kissling, W. Daniel and Carl, Gudrun},
  year = {2007},
  volume = {17},
  pages = {59--71},
  doi = {10.1111/j.1466-8238.2007.00334.x},
  journal = {Glob. Ecol. Biogeogr.},
  language = {en},
  number = {0}
}

@article{klein,
  title = {Defining {{CO2}} and {{O2}} Syndromes of Marine Biomes in the {{Anthropocene}}},
  author = {Klein, Shannon G. and Steckbauer, Alexandra and Duarte, Carlos M.},
  volume = {n/a},
  doi = {10.1111/gcb.14879},
  copyright = {\textcopyright{} 2019 John Wiley \& Sons Ltd},
  journal = {Glob. Change Biol.},
  keywords = {climate change,coastal acidification,coastal deoxygenation,definition(s),hypoxia,ocean acidification,ocean deoxygenation,terminology},
  language = {en},
  number = {n/a}
}

@article{kleisner2016,
  title = {The Effects of Sub-Regional Climate Velocity on the Distribution and Spatial Extent of Marine Species Assemblages},
  author = {Kleisner, Kristin M. and Fogarty, Michael J. and McGee, Sally and Barnett, Analie and Fratantoni, Paula and Greene, Jennifer and Hare, Jonathan A. and Lucey, Sean M. and McGuire, Christopher and Odell, Jay and Saba, Vincent S. and Smith, Laurel and Weaver, Katherine J. and Pinsky, Malin L.},
  year = {2016},
  volume = {11},
  pages = {e0149220},
  doi = {10.1371/journal.pone.0149220},
  journal = {PLOS ONE},
  keywords = {Autumn,Climate change,Community structure,Latitude,Maine,Seasons,Spring (season),Surface temperature},
  language = {en},
  number = {2}
}

@article{kleisner2016a,
  title = {The {{Effects}} of {{Sub}}-{{Regional Climate Velocity}} on the {{Distribution}} and {{Spatial Extent}} of {{Marine Species Assemblages}}},
  author = {Kleisner, Kristin M. and Fogarty, Michael J. and McGee, Sally and Barnett, Analie and Fratantoni, Paula and Greene, Jennifer and Hare, Jonathan A. and Lucey, Sean M. and McGuire, Christopher and Odell, Jay and Saba, Vincent S. and Smith, Laurel and Weaver, Katherine J. and Pinsky, Malin L.},
  year = {2016},
  volume = {11},
  pages = {e0149220},
  doi = {10.1371/journal.pone.0149220},
  journal = {PLOS ONE},
  keywords = {Autumn,Climate change,Community structure,Latitude,Maine,Seasons,Spring (season),Surface temperature},
  language = {en},
  number = {2}
}

@article{kling,
  title = {Multiple Axes of Ecological Vulnerability to Climate Change},
  author = {Kling, Matthew M. and Auer, Stephanie L. and Comer, Patrick J. and Ackerly, David D. and Hamilton, Healy},
  volume = {n/a},
  doi = {10.1111/gcb.15008},
  copyright = {\textcopyright{} 2020 John Wiley \& Sons Ltd},
  journal = {Glob. Change Biol.},
  keywords = {biogeography,climate change,climate departure,climate velocity,niche model,novel climate,resource management,vegetation,vulnerability},
  language = {en},
  number = {n/a}
}

@article{koslow2013,
  title = {Fish Assemblages in the {{Southern California}} Current: Relationships with Climate, 1951\textendash{}2008},
  author = {Koslow, J. Anthony and Goericke, Ralf and Watson, William},
  year = {2013},
  volume = {22},
  pages = {207--219},
  doi = {10.1111/fog.12018},
  copyright = {\textcopyright{} 2013 Blackwell Publishing Ltd.},
  journal = {Fish. Oceanogr.},
  keywords = {California Current,climate,community composition,ichthyoplankton,principal component analysis},
  language = {en},
  number = {3}
}

@article{koslow2016,
  title = {Productivity and Biomass of Fishes in the {{California Current Large Marine Ecosystem}}: {{Comparison}} of Fishery-Dependent and -Independent Time Series},
  author = {Koslow, J. Anthony and Davison, Peter C.},
  year = {2016},
  volume = {17},
  pages = {23--32},
  doi = {10.1016/j.envdev.2015.08.005},
  journal = {Environmental Development},
  keywords = {California Current,Climate,Fishery yield,Fishery-independent time series,Mesopelagic fishes,Planktivores},
  series = {Thematic {{Issue}} - {{Ecosystem Based Management}} of {{Large Marine Ecosystems}}}
}

@article{koster2005,
  title = {Baltic Cod Recruitment \textendash{} the Impact of Climate Variability on Key Processes},
  author = {K{\"o}ster, Friedrich W. and M{\"o}llmann, Christian and Hinrichsen, Hans-Harald and Wieland, Kai and Tomkiewicz, Jonna and Kraus, Gerd and Voss, R{\"u}diger and Makarchouk, Andrei and MacKenzie, Brian R. and St. John, Michael A. and Schnack, Dietrich and Rohlf, Norbert and Linkowski, Tomasz and Beyer, Jan E.},
  year = {2005},
  volume = {62},
  pages = {1408--1425},
  doi = {10.1016/j.icesjms.2005.05.004},
  journal = {ICES J Mar Sci},
  language = {en},
  number = {7}
}

@article{kroeker,
  title = {Ecological Change in Dynamic Environments: {{Accounting}} for Temporal Environmental Variability in Studies of Ocean Change Biology},
  author = {Kroeker, Kristy J. and Bell, Lauren E. and Donham, Emily M. and Hoshijima, Umihiko and Lummis, Sarah and Toy, Jason A. and Willis-Norton, Ellen},
  volume = {n/a},
  doi = {10.1111/gcb.14868},
  copyright = {\textcopyright{} 2019 John Wiley \& Sons Ltd},
  journal = {Glob. Change Biol.},
  keywords = {adaptive tracking,bioenergetic/behavioral strategies,manipulative experiments,physiological adaptations,variable environments},
  language = {en},
  number = {n/a}
}

@article{kuhn2012,
  title = {Less than Eight (and a Half) Misconceptions of Spatial Analysis},
  author = {K{\"u}hn, Ingolf and Dormann, Carsten F.},
  year = {2012},
  volume = {39},
  pages = {995--998},
  doi = {10.1111/j.1365-2699.2012.02707.x},
  copyright = {\textcopyright{} 2012 Blackwell Publishing Ltd},
  journal = {J. Biogeogr.},
  keywords = {Biogeography,macroecology,spatial analysis,spatial autocorrelation,spatial trends,statistical analyses},
  language = {en},
  number = {5}
}

@article{kumagai2018,
  title = {Ocean Currents and Herbivory Drive Macroalgae-to-Coral Community Shift under Climate Warming},
  author = {Kumagai, Naoki H. and Molinos, Jorge Garc{\'i}a and Yamano, Hiroya and Takao, Shintaro and Fujii, Masahiko and Yamanaka, Yasuhiro},
  year = {2018},
  volume = {115},
  pages = {8990--8995},
  doi = {10.1073/pnas.1716826115},
  copyright = {\textcopyright{} 2018 . http://www.pnas.org.proxy.lib.sfu.ca/site/aboutpnas/licenses.xhtmlPublished under the PNAS license.},
  journal = {PNAS},
  keywords = {climate velocity,coastal tropicalization,community phase shifts,global change,range shifts},
  language = {en},
  number = {36}
}

@article{kumarathunge,
  title = {The Temperature Optima for Tree Seedling Photosynthesis and Growth Depend on Water Inputs},
  author = {Kumarathunge, Dushan P. and Drake, John E. and Tjoelker, Mark G. and L{\'o}pez, Rosana and Pfautsch, Sebastian and V{\aa}rhammar, Angelica and Medlyn, Belinda E.},
  volume = {n/a},
  doi = {10.1111/gcb.14975},
  copyright = {\textcopyright{} 2019 John Wiley \& Sons Ltd},
  journal = {Glob. Change Biol.},
  keywords = {biomass,Eucalyptus tereticornis,forests,global warming,photosynthesis,rainfall,stem and root respiration,temperature},
  language = {en},
  number = {n/a}
}

@article{langangen2018,
  title = {Ticket to Spawn: {{Combining}} Economic and Genetic Data to Evaluate the Effect of Climate and Demographic Structure on Spawning Distribution in {{Atlantic}} Cod},
  author = {Langangen, {\O}ystein and F{\"a}rber, Leonie and Stige, Leif C. and Diekert, Florian K. and Barth, Julia M. I. and Matschiner, Michael and Berg, Paul R. and Star, Bastiaan and Stenseth, Nils Chr. and Jentoft, Sissel and Durant, Jo{\"e}l M.},
  year = {2018},
  volume = {0},
  doi = {10.1111/gcb.14474},
  journal = {Global Change Biology},
  keywords = {climate change,demography,economic data,genetic data,size truncation,spawning distribution},
  number = {0}
}

@article{latimer2009,
  title = {Hierarchical models facilitate spatial analysis of large data sets: a case study on invasive plant species in the northeastern {United States}},
  author = {Latimer, A. M. and Banerjee, S. and Sang Jr, H. and Mosher, E. S. and Silander Jr, J. A.},
  year = {2009},
  volume = {12},
  pages = {144-154},
  doi = {10.1111/j.1461-0248.2008.01270.x},
  journal = {Ecol. Lett.},
  keywords = {bayesian,bibdesk,spatiotemporal},
  number = {2}
}

@article{legendre1993,
  title = {Spatial {{Autocorrelation}}: {{Trouble}} or {{New Paradigm}}?},
  author = {Legendre, Pierre},
  year = {1993},
  volume = {74},
  pages = {1659--1673},
  doi = {10.2307/1939924},
  journal = {Ecology},
  keywords = {_tablet},
  number = {6}
}

@article{lembrechts,
  title = {Microclimatic Conditions Anywhere at Any Time!},
  author = {Lembrechts, Jonas J. and Lenoir, Jonathan},
  volume = {n/a},
  doi = {10.1111/gcb.14942},
  copyright = {\textcopyright{} 2019 John Wiley \& Sons Ltd},
  journal = {Glob. Change Biol.},
  language = {en},
  number = {n/a}
}

@article{lewthwaite,
  title = {Canadian Butterfly Climate Debt Is Significant and Correlated with Range Size},
  author = {Lewthwaite, J. M. M. and Angert, A. L. and Kembel, S. W. and Goring, S. J. and Davies, T. J. and Mooers, A. {\O} and Sperling, F. a. H. and Vamosi, S. M. and Vamosi, J. C. and Kerr, J. T.},
  volume = {0},
  doi = {10.1111/ecog.03534},
  copyright = {\textcopyright{} 2018 The Authors},
  journal = {Ecography},
  keywords = {butterflies,Canada,climate debt,dispersal,global climate change,host plant,life history,phylogenetics,range shifts},
  language = {en},
  number = {0}
}

@article{li2019,
  title = {Sub-regional Differences in Groundfish Distributional Responses to Anomalous Ocean Bottom Temperatures in the Northeast {{Pacific}}},
  author = {Li, Lingbo and Hollowed, Anne B. and Cokelet, Edward D. and Barbeaux, Steven J. and Bond, Nicholas A. and Keller, Aimee A. and King, Jacquelynne R. and McClure, Michelle and Palsson, Wayne A. and Stabeno, Phyllis J. and Yang, Qiong},
  year = {2019},
  doi = {10.1111/gcb.14676},
  journal = {Glob. Change Biol.},
  language = {en}
}

@article{liang2018,
  title = {Impacts of Ocean Warming on {{China}}'s Fisheries Catches: An Application of ``Mean Temperature of the Catch'' Concept},
  author = {Liang, Cui and Xian, Weiwei and Pauly, Daniel},
  year = {2018},
  volume = {5},
  doi = {10.3389/fmars.2018.00026},
  journal = {Front. Mar. Sci.},
  keywords = {Chinaâ€™s seas,Fisheries catches,Mean temperature of the catch,ocean warming,tropicalization},
  language = {English}
}

@article{lindgren2011,
  title = {An Explicit Link between {{Gaussian}} Fields and {{Gaussian Markov}} Random Fields: The Stochastic Partial Differential Equation Approach},
  author = {Lindgren, Finn and Rue, H{\aa}vard and Lindstr{\"o}m, Johan},
  year = {2011},
  volume = {73},
  pages = {423--498},
  doi = {10.1111/j.1467-9868.2011.00777.x},
  copyright = {\textcopyright{} 2011 Royal Statistical Society},
  journal = {J. R. Stat. Soc. Ser. B Stat. Methodol.},
  keywords = {_tablet},
  language = {en},
  number = {4}
}

@article{lindstrom,
  title = {Gaussian {{Markov Random Fields}}},
  author = {Lindstr{\"o}m, Johan},
  pages = {37},
  language = {en}
}

@article{link2011,
  title = {Guidelines for Incorporating Fish Distribution Shifts into a Fisheries Management Context},
  author = {Link, Jason S. and Nye, Janet A. and Hare, Jonathan A.},
  year = {2011},
  volume = {12},
  pages = {461--469},
  doi = {10.1111/j.1467-2979.2010.00398.x},
  copyright = {\textcopyright{} Published 2010. This article is a US Government work and is in the public domain in the USA},
  journal = {Fish Fish.},
  keywords = {Climate change,decision trees,distribution,extended stock assessment models,shifting fisheries,spatially explicit models},
  language = {en},
  number = {4}
}

@article{loarie2009,
  title = {The Velocity of Climate Change},
  author = {Loarie, Scott R. and Duffy, Philip B. and Hamilton, Healy and Asner, Gregory P. and Field, Christopher B. and Ackerly, David D.},
  year = {2009},
  volume = {462},
  pages = {1052--1055},
  doi = {10.1038/nature08649},
  copyright = {2009 Macmillan Publishers Limited. All rights reserved},
  journal = {Nature},
  language = {en},
  number = {7276}
}

@article{long2016,
  title = {Finding Forced Trends in Oceanic Oxygen},
  author = {Long, Matthew C. and Deutsch, Curtis and Ito, Taka},
  year = {2016},
  volume = {30},
  pages = {381--397},
  doi = {10.1002/2015GB005310},
  journal = {Global Biogeochemical Cycles},
  keywords = {climate variability,dissolve oxygen,ocean biogeochemistry},
  number = {2}
}

@article{lucey2010,
  title = {Shifting Species Assemblages in the {{Northeast US Continental Shelf Large Marine Ecosystem}}},
  author = {Lucey, Sm and Nye, Ja},
  year = {2010},
  volume = {415},
  pages = {23--33},
  doi = {10.3354/meps08743},
  journal = {Mar. Ecol. Prog. Ser.},
  language = {en}
}

@article{luo,
  title = {Model Parameterization to Represent Processes at Unresolved Scales and Changing Properties of Evolving Systems},
  author = {Luo, Yiqi and Schuur, Edward A. G.},
  volume = {n/a},
  doi = {10.1111/gcb.14939},
  copyright = {\textcopyright{} 2019 John Wiley \& Sons Ltd},
  journal = {Glob. Change Biol.},
  keywords = {carbon cycle,data assimilation,ecological forecasting,ecosystem modeling,parameterization,uncertainty},
  language = {en},
  number = {n/a}
}

@article{macdonald2018,
  title = {Can Collective Memories Shape Fish Distributions? {{A}} Test, Linking Space-Time Occurrence Models and Population Demographics},
  author = {Macdonald, Jed I. and Logemann, Kai and Krainski, Elias T. and Sigur{\dh}sson, {\TH}orsteinn and Beale, Colin M. and Huse, Geir and Hj{\o}llo, Solfrid S. and Marteinsd{\'o}ttir, Gu{\dh}r{\'u}n},
  year = {2018},
  volume = {41},
  pages = {938--957},
  doi = {10.1111/ecog.03098},
  copyright = {\textcopyright{} 2017 The Authors},
  journal = {Ecography},
  language = {en},
  number = {6}
}

@article{maggini2011,
  title = {Are {{Swiss}} Birds Tracking Climate Change?: {{Detecting}} Elevational Shifts Using Response Curve Shapes},
  author = {Maggini, Ramona and Lehmann, Anthony and K{\'e}ry, Marc and Schmid, Hans and Beniston, Martin and Jenni, Lukas and Zbinden, Niklaus},
  year = {2011},
  volume = {222},
  pages = {21--32},
  doi = {10.1016/j.ecolmodel.2010.09.010},
  journal = {Ecological Modelling},
  keywords = {Breeding birds,Climate change,Elevational shift,Environmental gradient,Leading/trailing edge,Switzerland},
  number = {1}
}

@incollection{marliave2018,
  title = {Seabed {{Biodiversity Shifts Identify Climate Regimes}}: {{The}} 2011 {{Climate Regime Shift}} and {{Associated Cascades}}},
  booktitle = {Selected {{Studies}} in {{Biodiversity}}},
  author = {Marliave, Jeffrey B. and Gibbs, Donna M. and Borden, Laura A. and Gibbs, Charles J.},
  editor = {{\c S}en, B{\"u}lent and Grillo, Oscar},
  year = {2018},
  publisher = {{InTech}},
  doi = {10.5772/intechopen.71599},
  isbn = {978-1-78923-232-5 978-1-78923-233-2},
  language = {en}
}

@article{marzloff2018,
  title = {Differential Vulnerability to Climate Change Yields Novel Deep-Reef Communities},
  author = {Marzloff, Martin Pierre and Oliver, Eric C. J. and Barrett, Neville S. and Holbrook, Neil J. and James, Lainey and Wotherspoon, Simon J. and Johnson, Craig R.},
  year = {2018},
  volume = {8},
  pages = {873},
  doi = {10.1038/s41558-018-0278-7},
  copyright = {2018 The Author(s), under exclusive licence to Springer Nature Limited},
  journal = {Nat. Clim. Change},
  language = {En},
  number = {10}
}

@article{mcclatchie2010,
  title = {Oxygen in the {{Southern California Bight}}: {{Multidecadal}} Trends and Implications for Demersal Fisheries},
  author = {McClatchie, S. and Goericke, R. and Cosgrove, R. and Auad, G. and Vetter, R.},
  year = {2010},
  volume = {37},
  doi = {10.1029/2010GL044497},
  journal = {Geophysical Research Letters},
  keywords = {California,climate,fisheries,oxygen,rockfish,southern},
  number = {19}
}

@article{mchenry,
  title = {Projecting Marine Species Range Shifts from Only Temperature Can Mask Climate Vulnerability},
  author = {McHenry, Jennifer and Welch, Heather and Lester, Sarah E. and Saba, Vincent},
  volume = {0},
  doi = {10.1111/gcb.14828},
  copyright = {\textcopyright{} 2019 John Wiley \& Sons Ltd},
  journal = {Glob. Change Biol.},
  keywords = {climate change,habitat suitability models,marine species,range shifts,species vulnerability},
  language = {en},
  number = {0}
}

@article{medina-silva2018,
  title = {Microbial Diversity from Chlorophyll Maximum, Oxygen Minimum and Bottom Zones in the Southwestern {{Atlantic Ocean}}},
  author = {{Medina-Silva}, Renata and {de Oliveira}, Rafael R. and Pivel, Maria A.G. and Borges, Luiz G.A. and Sim{\~a}o, Taiz L.L. and Pereira, Leandro M. and Trindade, Fernanda J. and Augustin, Adolpho H. and Valdez, Fernanda P. and Eizirik, Eduardo and Utz, Laura R.P. and Groposo, Claudia and Miller, Dennis J. and Viana, Adriano R. and Ketzer, Jo{\~a}o M.M. and Giongo, Adriana},
  year = {2018},
  volume = {178},
  pages = {52--61},
  doi = {10.1016/j.jmarsys.2017.10.008},
  journal = {Journal of Marine Systems},
  language = {en}
}

@article{meehan2018,
  title = {High-{{Resolution}}, {{Long}}-{{Term Trends}} in {{Relative Abundance}} from {{Spatial Modeling}} of {{Continent}}-{{Wide Bird Counts}}},
  author = {Meehan, Timothy D. and Michel, Nicole L. and Rue, Haavard},
  year = {2018},
  pages = {466425},
  doi = {10.1101/466425},
  copyright = {\textcopyright{} 2018, Posted by Cold Spring Harbor Laboratory. This pre-print is available under a Creative Commons License (Attribution-NonCommercial-NoDerivs 4.0 International), CC BY-NC-ND 4.0, as described at http://creativecommons.org/licenses/by-nc-nd/4.0/},
  journal = {bioRxiv},
  language = {en}
}

@article{merillet,
  title = {Environment Outweighs the Effects of Fishing in Regulating Demersal Community Structure in an Exploited Marine Ecosystem},
  author = {M{\'e}rillet, Laur{\`e}ne and Kopp, Doroth{\'e}e and Robert, Marianne and Mouchet, Maud and Pavoine, Sandrine},
  volume = {n/a},
  doi = {10.1111/gcb.14969},
  copyright = {\textcopyright{} 2019 John Wiley \& Sons Ltd},
  journal = {Glob. Change Biol.},
  keywords = {bottom trawl survey,Celtic Sea,fishing effort,marine resources,Spatio-temporal dynamics,stability,STATICO multivariate analysis},
  language = {en},
  number = {n/a}
}

@article{merow2016,
  title = {Improving Niche and Range Estimates with {{Maxent}} and Point Process Models by Integrating Spatially Explicit Information},
  author = {Merow, Cory and Allen, Jenica M. and Aiello-Lammens, Matthew and Silander, John A.},
  year = {2016},
  volume = {25},
  pages = {1022--1036},
  doi = {10.1111/geb.12453},
  copyright = {\textcopyright{} 2016 John Wiley \& Sons Ltd},
  journal = {Glob. Ecol. Biogeogr.},
  keywords = {Data fusion,dispersal,ecological niche model,expert map,invasion,maximum entropy,sampling bias,species distribution model},
  language = {en},
  number = {8}
}

@article{mindel2016,
  title = {A Trait-Based Metric Sheds New Light on the Nature of the Body Size\textendash{}Depth Relationship in the Deep Sea},
  author = {Mindel, Beth L. and Webb, Thomas J. and Neat, Francis C. and Blanchard, Julia L.},
  year = {2016},
  volume = {85},
  pages = {427--436},
  doi = {10.1111/1365-2656.12471},
  copyright = {\textcopyright{} 2015 The Authors. Journal of Animal Ecology \textcopyright{} 2015 British Ecological Society},
  journal = {J. Anim. Ecol.},
  keywords = {bathymetry,deepwater fish,FishBase,functional role,Lmax,ontogeny,Redundancy Analysis,trait-based analysis},
  language = {en},
  number = {2}
}

@article{mindel2018,
  title = {Size-Based Indicators Show Depth-Dependent Change over Time in the Deep Sea},
  author = {Mindel, Beth L. and Neat, Francis C. and Webb, Thomas J. and Blanchard, Julia L.},
  year = {2018},
  volume = {75},
  pages = {113--121},
  doi = {10.1093/icesjms/fsx110},
  journal = {ICES J Mar Sci},
  language = {en},
  number = {1}
}

@article{molinos,
  title = {{{VoCC}}: {{An}} r Package for Calculating the Velocity of Climate Change and Related Climatic Metrics},
  author = {Molinos, Jorge Garc{\'i}a and Schoeman, David S. and Brown, Christopher J. and Burrows, Michael T.},
  volume = {0},
  doi = {10.1111/2041-210X.13295},
  copyright = {\textcopyright{} 2019 The Authors. Methods in Ecology and Evolution \textcopyright{} 2019 British Ecological Society},
  journal = {Methods Ecol. Evol.},
  keywords = {biodiversity reorganization,climate change,conservation,priorization,species' range-shift,velocity of climate change},
  language = {en},
  number = {0}
}

@article{molinos2017,
  title = {Improving the Interpretability of Climate Landscape Metrics: {{An}} Ecological Risk Analysis of {{Japan}}'s {{Marine Protected Areas}}},
  author = {Molinos, Jorge Garc{\'i}a and Takao, Shintaro and Kumagai, Naoki H. and Poloczanska, Elvira S. and Burrows, Michael T. and Fujii, Masahiko and Yamano, Hiroya},
  year = {2017},
  volume = {23},
  pages = {4440--4452},
  doi = {10.1111/gcb.13665},
  copyright = {\textcopyright{} 2017 John Wiley \& Sons Ltd},
  journal = {Glob. Change Biol.},
  keywords = {climate analogues,climate change,connectivity,conservation,ecological coherence,Japan,protected areas,stability},
  language = {en},
  number = {10}
}

@misc{molinos2019,
  title = {{{JorGarMol}}/{{VoCC}}},
  author = {Molinos, Jorge Garcia},
  year = {2019},
  copyright = {AGPL-3.0}
}

@article{morley2018,
  title = {Projecting Shifts in Thermal Habitat for 686 Species on the {{North American}} Continental Shelf},
  author = {Morley, James W. and Selden, Rebecca L. and Latour, Robert J. and Fr{\"o}licher, Thomas L. and Seagraves, Richard J. and Pinsky, Malin L.},
  year = {2018},
  volume = {13},
  pages = {e0196127},
  doi = {10.1371/journal.pone.0196127},
  journal = {PLOS ONE},
  keywords = {Climate modeling,Ecological niches,Fisheries,Gulf of Mexico,Latitude,Ocean temperature,Oceans,Sediment},
  language = {en},
  number = {5}
}

@article{munch2017,
  title = {Circumventing Structural Uncertainty: {{A Bayesian}} Perspective on Nonlinear Forecasting for Ecology},
  author = {Munch, Stephan B. and Poynor, Valerie and Arriaza, Juan Lopez},
  year = {2017},
  volume = {32},
  pages = {134--143},
  doi = {10.1016/j.ecocom.2016.08.006},
  journal = {Ecol. Complex.},
  language = {en}
}

@article{munch2018,
  title = {Nonlinear Dynamics and Noise in Fisheries Recruitment: {{A}} Global Meta-Analysis},
  author = {Munch, Stephan B. and {Giron-Nava}, Alfredo and Sugihara, George},
  year = {2018},
  volume = {19},
  pages = {964--973},
  doi = {10.1111/faf.12304},
  journal = {Fish Fish.},
  language = {en},
  number = {6}
}

@article{murawski1993,
  title = {Climate Change and Marine Fish Distributions: Forecasting from Historical Analogy},
  author = {Murawski, S. A.},
  year = {1993},
  volume = {122},
  pages = {647--658},
  doi = {10.1577/1548-8659(1993)122<0647:CCAMFD>2.3.CO;2},
  journal = {Trans. Am. Fish. Soc.},
  language = {en},
  number = {5}
}

@article{nadeau2015,
  title = {Accounting for Multiple Climate Components When Estimating Climate Change Exposure and Velocity},
  author = {Nadeau, Christopher P. and Fuller, Angela K.},
  editor = {Tatem, Andrew},
  year = {2015},
  volume = {6},
  pages = {697--705},
  doi = {10.1111/2041-210X.12360},
  journal = {Methods Ecol. Evol.},
  language = {en},
  number = {6}
}

@article{naimi2016,
  title = {Sdm: A Reproducible and Extensible {{R}} Platform for Species Distribution Modelling},
  author = {Naimi, Babak and Ara{\'u}jo, Miguel B.},
  year = {2016},
  volume = {39},
  pages = {368--375},
  doi = {10.1111/ecog.01881},
  copyright = {\textcopyright{} 2016 The Authors},
  journal = {Ecography},
  language = {en},
  number = {4}
}

@article{nogues-bravo2018,
  title = {Cracking the {{Code}} of {{Biodiversity Responses}} to {{Past Climate Change}}},
  author = {{Nogu{\'e}s-Bravo}, David and {Rodr{\'i}guez-S{\'a}nchez}, Francisco and Orsini, Luisa and {de Boer}, Erik and Jansson, Roland and Morlon, Helene and Fordham, Damien A. and Jackson, Stephen T.},
  year = {2018},
  volume = {33},
  pages = {765--776},
  doi = {10.1016/j.tree.2018.07.005},
  journal = {Trends in Ecology \& Evolution},
  keywords = {adaptation,dispersal,experiments,extinction,forecast,models,paleoecology},
  number = {10}
}

@article{nye2009,
  title = {Changing Spatial Distribution of Fish Stocks in Relation to Climate and Population Size on the {{Northeast United States}} Continental Shelf},
  author = {Nye, Janet A. and Link, Jason S. and Hare, Jonathan A. and Overholtz, William J.},
  year = {2009},
  volume = {393},
  pages = {111--129},
  doi = {10.3354/meps08220},
  journal = {Mar. Ecol. Prog. Ser.},
  keywords = {Areaâ€“abundance relationships,Atlantic Multidecadal Oscillation,Biogeography,Center of biomass,Climate change,Distribution,Northeast United States continental shelf},
  language = {en}
}

@article{olsen,
  title = {A {{User}}'s {{Guide}} to {{GFBioField}}: {{The Pacific Region At}}-{{Sea Data Acquisition System}} for {{Groundfish Trawl Surveys}}},
  author = {Olsen, Norm},
  pages = {88},
  language = {en}
}

@article{ono2014a,
  title = {How do populations respond to fishing? A spatio-temporal investigation of marine species seasonal dynamics},
  author = {Ono, K. and Shelton, A. O. and Ward, W. J. and Thorson, J. T. and Feist, B. E. and Hilborn, R.},
  year = {2014},
  volume = {In revision},
  journal = {Ecol. Appl.},
  keywords = {bibdesk}
}

@phdthesis{ono2015,
  title = {The Spatial Dimensions of Fisheries: Improved Use of Spatial Information into Fisheries Management and Information for Assessments},
  author = {Ono, Kotaro},
  year = {2015},
  copyright = {Copyright is held by the individual authors.},
  language = {en\_US},
  type = {Thesis}
}

@article{ono2016,
  title = {Space-Time Investigation of the Effects of Fishing on Fish Populations},
  author = {Ono, Kotaro and Shelton, Andrew O. and Ward, Eric J. and Thorson, James T. and Feist, Blake E. and Hilborn, Ray},
  year = {2016},
  volume = {26},
  pages = {392--406},
  doi = {10.1890/14-1874},
  copyright = {\textcopyright{} 2016 by the Ecological Society of America},
  journal = {Ecol. Appl.},
  keywords = {fishing,habitat,marine species,Microstomus pacificus,movement,Pacific Dover sole,space-time model,species distribution},
  language = {en},
  number = {2}
}

@article{ordonez2013,
  title = {Projected Climate Reshuffling Based on Multivariate Climate-Availability, Climate-Analog, and Climate-Velocity Analyses: Implications for Community Disaggregation},
  author = {Ordonez, Alejandro and Williams, John W.},
  year = {2013},
  volume = {119},
  pages = {659--675},
  doi = {10.1007/s10584-013-0752-1},
  journal = {Climatic Change},
  keywords = {Analog Velocity,Bioclimatic Variable,Climate Risk,Local Velocity,Standardize Euclidean Distance},
  language = {en},
  number = {3}
}

@article{osei2019,
  title = {Poisson-{{Gamma Mixture Spatially Varying Coefficient Modeling}} of {{Small}}-{{Area Intestinal Parasites Infection}}},
  author = {Osei, Frank Badu and Stein, Alfred and Ofosu, Anthony},
  year = {2019},
  volume = {16},
  pages = {339},
  doi = {10.3390/ijerph16030339},
  copyright = {http://creativecommons.org/licenses/by/3.0/},
  journal = {Int. J. Environ. Res. Public. Health},
  keywords = {Bayesian,integrated nested Laplace approximations,intestinal parasites,Poisson-gamma,spatio-temporal},
  language = {en},
  number = {3}
}

@article{parmesan1996,
  title = {Climate and Species' Range},
  author = {Parmesan, Camille},
  year = {1996},
  volume = {382},
  pages = {765--766},
  doi = {10.1038/382765a0},
  journal = {Nature},
  language = {en},
  number = {6594}
}

@article{parmesan1999,
  title = {Poleward Shifts in Geographical Ranges of Butterfly Species Associated with Regional Warming},
  author = {Parmesan, Camille and Ryrholm, Nils and Stefanescu, Constant{\'i} and Hill, Jane K. and Thomas, Chris D. and Descimon, Henri and Huntley, Brian and Kaila, Lauri and Kullberg, Jaakko and Tammaru, Toomas and Tennent, W. John and Thomas, Jeremy A. and Warren, Martin},
  year = {1999},
  volume = {399},
  pages = {579--583},
  doi = {10.1038/21181},
  journal = {Nature},
  language = {en},
  number = {6736}
}

@article{parmesan2003,
  title = {A Globally Coherent Fingerprint of Climate Change Impacts across Natural Systems},
  author = {Parmesan, Camille and Yohe, Gary},
  year = {2003},
  volume = {421},
  pages = {37--42},
  doi = {10.1038/nature01286},
  journal = {Nature},
  language = {en},
  number = {6918}
}

@article{pearson2003,
  title = {Predicting the Impacts of Climate Change on the Distribution of Species: Are Bioclimate Envelope Models Useful?},
  author = {Pearson, Richard G. and Dawson, Terence P.},
  year = {2003},
  volume = {12},
  pages = {361--371},
  doi = {10.1046/j.1466-822X.2003.00042.x},
  journal = {Glob. Ecol. Biogeogr.},
  keywords = {bioclimate envelope,climate change,climate space,ecological modelling,ecological niche,hierarchy,scale},
  language = {en},
  number = {5}
}

@article{perry1994,
  title = {Environmental {{Effects}} on the {{Distributions}} of {{Groundfish}} in {{Hecate Strait}}, {{British Columbia}}},
  author = {Perry, R. Ian and Stocker, Max and Fargo, Jeff},
  year = {1994},
  volume = {51},
  pages = {1401--1409},
  doi = {10.1139/f94-140},
  journal = {Can. J. Fish. Aquat. Sci.},
  language = {en},
  number = {6}
}

@article{perry2005,
  title = {Climate change and distribution shifts in marine fishes},
  author = {Perry, Allison L. and Low, Paula J. and Ellis, Jim R. and Reynolds, John D.},
  year = {2005},
  volume = {308},
  pages = {1912-1915},
  journal = {Science},
  keywords = {_tablet,bibdesk,climate},
  number = {5730}
}

@article{peterson2002,
  title = {Future Projections for {{Mexican}} Faunas under Global Climate Change Scenarios},
  author = {Peterson, A. Townsend and {Ortega-Huerta}, Miguel A. and Bartley, Jeremy and {S{\'a}nchez-Cordero}, Victor and Sober{\'o}n, Jorge and Buddemeier, Robert H. and Stockwell, David R. B.},
  year = {2002},
  volume = {416},
  pages = {626--629},
  doi = {10.1038/416626a},
  journal = {Nature},
  language = {en},
  number = {6881}
}

@incollection{peterson2017,
  title = {Climate Change Impacts on Fisheries and Aquaculture of the {{United States}}},
  booktitle = {Climate {{Change Impacts}} on {{Fisheries}} and {{Aquaculture}}},
  author = {Peterson, Jay and Griffis, Roger and Zador, Stephani G. and Sigler, Michael F. and Joyce, John E. and Hunsicker, Mary and Bograd, Steven and Crozier, Lisa G. and McClatchie, Sam and Morris, James A. and Peterson, William T. and Price, Carol and Woodworth-Jefcoats, Phoebe A. and Karnauskas, Mandy and Mu{\~n}oz, Roldan and Schueller, Amy and Craig, J. Kevin and Bacheler, Nathan and Burton, Michael L. and Gore, Karla and Kellison, Todd and Morris, James A. and Mu{\~n}oz, Roldan and Price, Carol and Hare, Jonathan A. and Friedland, Kevin D. and Miller, Timothy J.},
  year = {2017},
  pages = {159--218},
  publisher = {{John Wiley \& Sons, Ltd}},
  doi = {10.1002/9781119154051.ch8},
  copyright = {\textcopyright{} 2018 John Wiley \& Sons Ltd},
  isbn = {978-1-119-15405-1},
  keywords = {aquaculture,climate change,climate variability,fisheries,USA},
  language = {en}
}

@article{petitgas2001,
  title = {Geostatistics in Fisheries Survey Design and Stock Assessment: Models, Variances and Applications},
  author = {Petitgas, Pierre},
  year = {2001},
  volume = {2},
  pages = {231--249},
  doi = {10.1046/j.1467-2960.2001.00047.x},
  journal = {Fish Fish.},
  language = {en},
  number = {3}
}

@article{pierce2012,
  title = {Declining Oxygen in the {{Northeast Pacific}}},
  author = {Pierce, Stephen D. and Barth, John A. and Shearman, R. Kipp and Erofeev, Anatoli Y.},
  year = {2012},
  volume = {42},
  pages = {495--501},
  doi = {10.1175/JPO-D-11-0170.1},
  journal = {J. Phys. Oceanogr.},
  number = {3}
}

@article{pinsky2012,
  title = {Lagged Social-Ecological Responses to Climate and Range Shifts in Fisheries},
  author = {Pinsky, Malin L. and Fogarty, Michael},
  year = {2012},
  volume = {115},
  pages = {883--891},
  doi = {10.1007/s10584-012-0599-x},
  journal = {Climatic Change},
  keywords = {Fishing,Fishing Ground,National Marine Fishery,Prefer Temperature,Range Shift},
  language = {en},
  number = {3}
}

@article{pinsky2013,
  title = {Marine taxa track local climate velocities},
  author = {Pinsky, Malin L. and Worm, Boris and Fogarty, Michael J. and Sarmiento, Jorge L. and Levin, Simon A.},
  year = {2013},
  volume = {341},
  pages = {1239-1242},
  doi = {10.1126/science.1239352},
  journal = {Science},
  keywords = {bibdesk,climate-velocity},
  number = {6151}
}

@article{pinsky2020,
  title = {Climate-{{Driven Shifts}} in {{Marine Species Ranges}}: {{Scaling}} from {{Organisms}} to {{Communities}}},
  author = {Pinsky, Malin L. and Selden, Rebecca L. and Kitchel, Zo{\"e} J.},
  year = {2020},
  volume = {12},
  pages = {153--179},
  doi = {10.1146/annurev-marine-010419-010916},
  journal = {Annu. Rev. Mar. Sci.},
  number = {1}
}

@article{poloczanska2013,
  title = {Global imprint of climate change on marine life},
  author = {Poloczanska, Elvira S. and Brown, Christopher J. and Sydeman, William J. and Kiessling, Wolfgang and Schoeman, David S. and Moore, Pippa J. and Brander, Keith and Bruno, John F. and Buckley, Lauren B. and Burrows, Michael T. and Duarte, Carlos M. and Halpern, Benjamin S. and Holding, Johnna and Kappel, Carrie V. and O/'Connor, Mary I. and Pandolfi, John M. and Parmesan, Camille and Schwing, Franklin and Thompson, Sarah Ann and Richardson, Anthony J.},
  year = {2013},
  volume = {3},
  pages = {919-925},
  doi = {10.1038/nclimate1958},
  journal = {Nat. Clim. Change},
  keywords = {bibdesk,climate-change,meta-analysis,range-shifts}
}

@article{pontavice2020,
  title = {Climate Change Undermines the Global Functioning of Marine Food Webs},
  author = {Pontavice, Hubert and Gascuel, Didier and Reygondeau, Gabriel and Maureaud, Aurore and Cheung, William W. L.},
  year = {2020},
  pages = {gcb.14944},
  doi = {10.1111/gcb.14944},
  journal = {Glob Change Biol},
  language = {en}
}

@article{pontavice2020a,
  title = {Climate Change Undermines the Global Functioning of Marine Food Webs},
  author = {Pontavice, Hubert and Gascuel, Didier and Reygondeau, Gabriel and Maureaud, Aurore and Cheung, William W. L.},
  year = {2020},
  pages = {gcb.14944},
  doi = {10.1111/gcb.14944},
  journal = {Glob Change Biol},
  language = {en}
}

@article{portner2007,
  title = {Climate Change Affects Marine Fishes through the Oxygen Limitation of Thermal Tolerance},
  author = {P{\"o}rtner, Hans O. and Knust, Rainer},
  year = {2007},
  volume = {315},
  pages = {95--97},
  doi = {10.1126/science.1135471},
  copyright = {American Association for the Advancement of Science},
  journal = {Science},
  language = {en},
  number = {5808}
}

@article{portner2008,
  title = {Physiology and Climate Change},
  author = {P{\"o}rtner, Hans O. and Farrell, Anthony P.},
  year = {2008},
  volume = {322},
  pages = {690--692},
  doi = {10.1126/science.1163156},
  copyright = {\textcopyright{} 2008 American Association for the Advancement of Science},
  journal = {Science},
  language = {en},
  number = {5902}
}

@article{poyry2009,
  title = {Species Traits Explain Recent Range Shifts of {{Finnish}} Butterflies},
  author = {P{\"o}yry, Juha and Luoto, Miska and Heikkinen, Risto K. and Kuussaari, Mikko and Saarinen, Kimmo},
  year = {2009},
  volume = {15},
  pages = {732--743},
  doi = {10.1111/j.1365-2486.2008.01789.x},
  copyright = {\textcopyright{} 2009 The Authors. Journal compilation \textcopyright{} 2009 Blackwell Publishing Ltd},
  journal = {Glob. Change Biol.},
  keywords = {atlas data,butterflies,climate change,distribution,Finland,generalized estimation equations (GEE),hierarchical partitioning (HP),range shift,species traits},
  language = {en},
  number = {3}
}

@article{praetorius2015,
  title = {North {{Pacific}} Deglacial Hypoxic Events Linked to Abrupt Ocean Warming},
  author = {Praetorius, S. K. and Mix, A. C. and Walczak, M. H. and Wolhowe, M. D. and Addison, J. A. and Prahl, F. G.},
  year = {2015},
  volume = {527},
  pages = {362--366},
  doi = {10.1038/nature15753},
  journal = {Nature},
  language = {en},
  number = {7578}
}

@article{przeslawski2012,
  title = {Using Rigorous Selection Criteria to Investigate Marine Range Shifts},
  author = {Przeslawski, Rachel and Falkner, Inke and Ashcroft, Michael B. and Hutchings, Pat},
  year = {2012},
  volume = {113},
  pages = {205--212},
  doi = {10.1016/j.ecss.2012.08.005},
  journal = {Estuarine, Coastal and Shelf Science},
  keywords = {climate change,expert knowledge,Global,marine invertebrates,meta-analysis,molluscs,museum records,range shift,Southeast Australia,Sydney},
  series = {The {{MIRACLE Project}} ({{Mercury Interdisciplinary Research}} Project for {{Appropriate Clam}} Farming in {{Lagoon Environment}})}
}

@article{radchuk2019,
  title = {Adaptive Responses of Animals to Climate Change Are Most Likely Insufficient},
  author = {Radchuk, Viktoriia and Reed, Thomas and Teplitsky, C{\'e}line and van de Pol, Martijn and Charmantier, Anne and Hassall, Christopher and Adam{\'i}k, Peter and Adriaensen, Frank and Ahola, Markus P. and Arcese, Peter and Avil{\'e}s, Jes{\'u}s Miguel and Balbontin, Javier and Berg, Karl S. and Borras, Antoni and Burthe, Sarah and Clobert, Jean and Dehnhard, Nina and de Lope, Florentino and Dhondt, Andr{\'e} A. and Dingemanse, Niels J. and Doi, Hideyuki and Eeva, Tapio and Fickel, Joerns and Filella, Iolanda and Foss{\o}y, Frode and Goodenough, Anne E. and Hall, Stephen J. G. and Hansson, Bengt and Harris, Michael and Hasselquist, Dennis and Hickler, Thomas and Joshi, Jasmin and Kharouba, Heather and Mart{\'i}nez, Juan Gabriel and Mihoub, Jean-Baptiste and Mills, James A. and {Molina-Morales}, Mercedes and Moksnes, Arne and Ozgul, Arpat and Parejo, Deseada and Pilard, Philippe and Poisbleau, Maud and Rousset, Francois and R{\"o}del, Mark-Oliver and Scott, David and Senar, Juan Carlos and Stefanescu, Constanti and Stokke, B{\aa}rd G. and Kusano, Tamotsu and Tarka, Maja and Tarwater, Corey E. and Thonicke, Kirsten and Thorley, Jack and Wilting, Andreas and Tryjanowski, Piotr and Meril{\"a}, Juha and Sheldon, Ben C. and M{\o}ller, Anders Pape and Matthysen, Erik and Janzen, Fredric and Dobson, F. Stephen and Visser, Marcel E. and Beissinger, Steven R. and Courtiol, Alexandre and {Kramer-Schadt}, Stephanie},
  year = {2019},
  volume = {10},
  pages = {1--14},
  doi = {10.1038/s41467-019-10924-4},
  copyright = {2019 The Author(s)},
  journal = {Nat Commun},
  language = {en},
  number = {1}
}

@article{ramos2018,
  title = {Population Genetic Signatures of a Climate Change Driven Marine Range Extension},
  author = {Ramos, Jorge E. and Pecl, Gretta T. and Moltschaniwskyj, Natalie A. and Semmens, Jayson M. and Souza, Carla A. and Strugnell, Jan M.},
  year = {2018},
  volume = {8},
  pages = {9558},
  doi = {10.1038/s41598-018-27351-y},
  copyright = {2018 The Author(s)},
  journal = {Sci. Rep.},
  language = {En},
  number = {1}
}

@book{reynolds2001,
  title = {Conservation of {{Exploited Species}}},
  author = {Reynolds, John D. and Mace, Georgina M. and Redford, Kent H. and Robinson, John G.},
  year = {2001},
  publisher = {{Cambridge University Press}},
  googlebooks = {W8WldjwSjZYC},
  isbn = {978-0-521-78733-8},
  keywords = {Nature / Endangered Species,Nature / Environmental Conservation \& Protection,Science / Environmental Science,Science / Life Sciences / Ecology,Science / Life Sciences / Zoology / General},
  language = {en}
}

@article{roberts2017,
  title = {Cross-Validation Strategies for Data with Temporal, Spatial, Hierarchical, or Phylogenetic Structure},
  author = {Roberts, David R. and Bahn, Volker and Ciuti, Simone and Boyce, Mark S. and Elith, Jane and Guillera-Arroita, Gurutzeta and Hauenstein, Severin and Lahoz-Monfort, Jos{\'e} J. and Schr{\"o}der, Boris and Thuiller, Wilfried and Warton, David I. and Wintle, Brendan A. and Hartig, Florian and Dormann, Carsten F.},
  year = {2017},
  volume = {40},
  pages = {913--929},
  doi = {10.1111/ecog.02881},
  copyright = {\textcopyright{} 2016 The Authors},
  journal = {Ecography},
  language = {en},
  number = {8}
}

@article{rogers2016,
  title = {Depth and Temperature Associations of Haddock {{{\emph{Melanogrammus}}}}{\emph{ Aeglefinus}} off Southern {{Newfoundland}}: Habitat Associations of Newfoundland {\emph{Melanogrammus Aeglefinus}}},
  author = {Rogers, R. and Rowe, S. and Morgan, M. J.},
  year = {2016},
  volume = {89},
  pages = {2306--2325},
  doi = {10.1111/jfb.13112},
  journal = {J. Fish Biol.},
  language = {en},
  number = {5}
}

@article{rooper2008,
  title = {An Ecological Analysis of Rockfish ({{Sebastes}} Spp.) Assemblages in the {{North Pacific Ocean}} along Broad-Scale Environmental Gradients},
  author = {Rooper, Christopher N.},
  year = {2008},
  volume = {106},
  pages = {1--11},
  journal = {Fish. Bull.},
  language = {en}
}

@article{root2003,
  title = {Fingerprints of Global Warming on Wild Animals and Plants},
  author = {Root, Terry L. and Price, Jeff T. and Hall, Kimberly R. and Schneider, Stephen H. and Rosenzweig, Cynthia and Pounds, J. Alan},
  year = {2003},
  volume = {421},
  pages = {57--60},
  doi = {10.1038/nature01333},
  journal = {Nature},
  language = {en},
  number = {6918}
}

@article{rountrey2014,
  title = {Water Temperature and Fish Growth: Otoliths Predict Growth Patterns of a Marine Fish in a Changing Climate},
  author = {Rountrey, Adam N. and Coulson, Peter G. and Meeuwig, Jessica J. and Meekan, Mark},
  year = {2014},
  volume = {20},
  pages = {2450--2458},
  doi = {10.1111/gcb.12617},
  copyright = {\textcopyright{} 2014 John Wiley \& Sons Ltd},
  journal = {Glob. Change Biol.},
  keywords = {Achoerodus gouldii,additive mixed models,Australia,climate change,fish growth,otolith,sclerochronology,sea surface temperature},
  language = {en},
  number = {8}
}

@article{ruiz-cardenas2012,
  title = {Direct Fitting of Dynamic Models Using Integrated Nested {{Laplace}} Approximations \textemdash{} {{INLA}}},
  author = {{Ruiz-C{\'a}rdenas}, Ramiro and Krainski, Elias T. and Rue, H{\aa}vard},
  year = {2012},
  volume = {56},
  pages = {1808--1828},
  doi = {10.1016/j.csda.2011.10.024},
  journal = {Computational Statistics \& Data Analysis},
  keywords = {Approximate Bayesian inference,Augmented model,Laplace approximation,Spatio-temporal dynamic models,State-space models},
  number = {6}
}

@article{rutterford2015,
  title = {Future Fish Distributions Constrained by Depth in Warming Seas},
  author = {Rutterford, Louise A. and Simpson, Stephen D. and Jennings, Simon and Johnson, Mark P. and Blanchard, Julia L. and Sch{\"o}n, Pieter-Jan and Sims, David W. and Tinker, Jonathan and Genner, Martin J.},
  year = {2015},
  volume = {5},
  pages = {569--573},
  doi = {10.1038/nclimate2607},
  journal = {Nat. Clim. Change},
  language = {en},
  number = {6}
}

@article{schlather2015,
  title = {Analysis, {{Simulation}} and {{Prediction}} of {{Multivariate Random Fields}} with {{Package}} {{{\textbf{RandomFields}}}}},
  author = {Schlather, Martin and Malinowski, Alexander and Menck, Peter J. and Oesting, Marco and Strokorb, Kirstin},
  year = {2015},
  volume = {63},
  doi = {10.18637/jss.v063.i08},
  journal = {J. Stat. Soft.},
  language = {en},
  number = {8}
}

@article{schmidtko2017,
  title = {Decline in Global Oceanic Oxygen Content during the Past Five Decades},
  author = {Schmidtko, Sunke and Stramma, Lothar and Visbeck, Martin},
  year = {2017},
  volume = {542},
  pages = {335--339},
  doi = {10.1038/nature21399},
  journal = {Nature},
  language = {en},
  number = {7641}
}

@article{serra-diaz2014,
  title = {Bioclimatic Velocity: The Pace of Species Exposure to Climate Change},
  author = {Serra-Diaz, Josep M. and Franklin, Janet and Ninyerola, Miquel and Davis, Frank W. and Syphard, Alexandra D. and Regan, Helen M. and Ikegami, Makihiko},
  year = {2014},
  volume = {20},
  pages = {169--180},
  doi = {10.1111/ddi.12131},
  journal = {Divers. Distrib.},
  keywords = {California,climate change velocity,exposure,range dynamics,species distribution models,temporal dynamics,vulnerability},
  language = {en},
  number = {2}
}

@article{serra-diaz2019,
  title = {What's Hot in Conservation Biogeography in a Changing Climate? {{Going}} beyond Species Range Dynamics},
  author = {Serra-Diaz, Josep M. and Franklin, Janet},
  year = {2019},
  volume = {25},
  pages = {492--498},
  doi = {10.1111/ddi.12917},
  journal = {Divers. Distrib.},
  language = {en},
  number = {4}
}

@article{sexton2009,
  title = {Evolution and Ecology of Species Range Limits},
  author = {Sexton, Jason P. and McIntyre, Patrick J. and Angert, Amy L. and Rice, Kevin J.},
  year = {2009},
  volume = {40},
  pages = {415--436},
  doi = {10.1146/annurev.ecolsys.110308.120317},
  journal = {Annu. Rev. Ecol. Evol. Syst.},
  number = {1}
}

@article{shelton2014,
  title = {Spatial semiparametric models improve estimates of species abundance and distribution},
  author = {Shelton, Andrew Olaf and Thorson, James T. and Ward, Eric J. and Feist, Blake E.},
  year = {2014},
  volume = {71},
  pages = {1655--1666},
  doi = {10.1139/cjfas-2013-0508},
  journal = {Can. J. Fish. Aquat. Sci.},
  keywords = {bibdesk},
  number = {11}
}

@article{shelton2018,
  title = {Spatio-Temporal Models Reveal Subtle Changes to Demersal Communities Following the {{Exxon Valdez}} Oil Spill},
  author = {Shelton, Andrew O. and Hunsicker, Mary E. and Ward, Eric J. and Feist, Blake E. and Blake, Rachael and Ward, Colette L. and Williams, Benjamin C. and {Duffy-Anderson}, Janet T. and Hollowed, Anne B. and Haynie, Alan C.},
  year = {2018},
  volume = {75},
  pages = {287--297},
  doi = {10.1093/icesjms/fsx079},
  journal = {ICES J. Mar. Sci.},
  number = {1}
}

@article{simpson,
  title = {{{INLA}} for {{Spatial Statistics}} -  9. {{Grouped}} Models},
  author = {Simpson, Daniel},
  pages = {48},
  language = {en}
}

@article{sinervo2010,
  title = {Erosion of Lizard Diversity by Climate Change and Altered Thermal Niches},
  author = {Sinervo, Barry and {M{\'e}ndez-de-la-Cruz}, Fausto and Miles, Donald B. and Heulin, Benoit and Bastiaans, Elizabeth and Cruz, Maricela Villagr{\'a}n-Santa and {Lara-Resendiz}, Rafael and {Mart{\'i}nez-M{\'e}ndez}, Norberto and {Calder{\'o}n-Espinosa}, Martha Luc{\'i}a and {Meza-L{\'a}zaro}, Rubi Nelsi and Gadsden, H{\'e}ctor and Avila, Luciano Javier and Morando, Mariana and la Riva, Ignacio J. De and Sepulveda, Pedro Victoriano and Rocha, Carlos Frederico Duarte and Ibarg{\"u}engoyt{\'i}a, Nora and Puntriano, C{\'e}sar Aguilar and Massot, Manuel and Lepetz, Virginie and Oksanen, Tuula A. and Chapple, David G. and Bauer, Aaron M. and Branch, William R. and Clobert, Jean and Sites, Jack W.},
  year = {2010},
  volume = {328},
  pages = {894--899},
  doi = {10.1126/science.1184695},
  copyright = {Copyright \textcopyright{} 2010, American Association for the Advancement of Science},
  journal = {Science},
  language = {en},
  number = {5980}
}

@article{somero2016,
  title = {What Changes in the Carbonate System, Oxygen, and Temperature Portend for the Northeastern {{Pacific Ocean}}: A Physiological Perspective},
  author = {Somero, George N. and Beers, Jody M. and Chan, Francis and Hill, Tessa M. and Klinger, Terrie and Litvin, Steven Y.},
  year = {2016},
  volume = {66},
  pages = {14--26},
  doi = {10.1093/biosci/biv162},
  journal = {BioScience},
  language = {en},
  number = {1}
}

@article{somerton2004,
  title = {Report of the {{National Marine Fisheries Service Workshop}} on {{Underwater Video Analysis}}},
  author = {Somerton, D A and , C T Glendhill (editors)},
  year = {2004},
  pages = {77},
  language = {en}
}

@article{sorte2012,
  title = {Tracking of Climatic Niche Boundaries under Recent Climate Change},
  author = {Sorte, Frank A. La and Jetz, Walter},
  year = {2012},
  volume = {81},
  pages = {914--925},
  doi = {10.1111/j.1365-2656.2012.01958.x},
  copyright = {\textcopyright{} 2012 The Authors. Journal of Animal Ecology \textcopyright{} 2012 British Ecological Society},
  journal = {J. Anim. Ecol.},
  keywords = {christmas bird count,climate change,distributional response,lag effects,niche tracking,North America,temperature niche,winter avifauna},
  language = {en},
  number = {4}
}

@article{stauffer2012,
  title = {An Oceanographic, Meteorological, and Biological `Perfect Storm' Yields a Massive Fish Kill},
  author = {Stauffer, Beth A. and Gellene, Alyssa G. and Schnetzer, Astrid and Seubert, Erica L. and Oberg, Carl and Sukhatme, Gaurav S. and Caron, David A.},
  year = {2012},
  volume = {468},
  pages = {231--243},
  doi = {10.3354/meps09927},
  journal = {Mar. Ecol. Prog. Ser.},
  keywords = {Fish kill,Hypoxia,Mixing,Nearshore embayment,Upwelling},
  language = {en}
}

@article{steele1991,
  title = {Can Ecological Theory Cross the Land-Sea Boundary?},
  author = {Steele, John H.},
  year = {1991},
  volume = {153},
  pages = {425--436},
  doi = {10.1016/S0022-5193(05)80579-X},
  journal = {Journal of Theoretical Biology},
  number = {3}
}

@article{stuart-smith2015,
  title = {Thermal Biases and Vulnerability to Warming in the World's Marine Fauna},
  author = {{Stuart-Smith}, Rick D. and Edgar, Graham J. and Barrett, Neville S. and Kininmonth, Stuart J. and Bates, Amanda E.},
  year = {2015},
  volume = {528},
  pages = {88--92},
  doi = {10.1038/nature16144},
  journal = {Nature},
  language = {en},
  number = {7580}
}

@article{stuart-smith2017,
  title = {Thermal Limits to the Geographic Distributions of Shallow-Water Marine Species},
  author = {{Stuart-Smith}, Rick D. and Edgar, Graham J. and Bates, Amanda E.},
  year = {2017},
  volume = {1},
  pages = {1846--1852},
  doi = {10.1038/s41559-017-0353-x},
  copyright = {2017 The Author(s)},
  journal = {Nat. Ecol. Evol.},
  language = {en},
  number = {12}
}

@article{sunday2012a,
  title = {Thermal Tolerance and the Global Redistribution of Animals},
  author = {Sunday, Jennifer M. and Bates, Amanda E. and Dulvy, Nicholas K.},
  year = {2012},
  volume = {2},
  pages = {686--690},
  doi = {10.1038/nclimate1539},
  journal = {Nat. Clim. Change},
  language = {en},
  number = {9}
}

@article{sunday2015,
  title = {Species Traits and Climate Velocity Explain Geographic Range Shifts in an Ocean-Warming Hotspot},
  author = {Sunday, Jennifer M. and Pecl, Gretta T. and Frusher, Stewart and Hobday, Alistair J. and Hill, Nicole and Holbrook, Neil J. and Edgar, Graham J. and {Stuart-Smith}, Rick and Barrett, Neville and Wernberg, Thomas and Watson, Reg A. and Smale, Dan A. and Fulton, Elizabeth A. and Slawinski, Dirk and Feng, Ming and Radford, Ben T. and Thompson, Peter A. and Bates, Amanda E.},
  year = {2015},
  pages = {n/a-n/a},
  doi = {10.1111/ele.12474},
  copyright = {\textcopyright{} 2015 John Wiley \& Sons Ltd/CNRS},
  journal = {Ecol Lett},
  keywords = {climate-velocity},
  language = {en}
}

@article{swallow,
  title = {Bayesian Multi-Species Modelling of Non-Negative Continuous Ecological Data with a Discrete Mass at Zero},
  author = {Swallow, Ben},
  pages = {213},
  language = {en}
}

@article{szuwalski2019,
  title = {Global Forage Fish Recruitment Dynamics: {{A}} Comparison of Methods, Time-Variation, and Reverse Causality},
  author = {Szuwalski, Cody S. and Britten, Gregory L. and Licandeo, Roberto and Amoroso, Ricardo O. and Hilborn, Ray and Walters, Carl},
  year = {2019},
  volume = {214},
  pages = {56--64},
  doi = {10.1016/j.fishres.2019.01.007},
  journal = {Fisheries Research},
  language = {en}
}

@article{thomas2004,
  title = {Extinction Risk from Climate Change},
  author = {Thomas, Chris D. and Cameron, Alison and Green, Rhys E. and Bakkenes, Michel and Beaumont, Linda J. and Collingham, Yvonne C. and Erasmus, Barend F. N. and {de Siqueira}, Marinez Ferreira and Grainger, Alan and Hannah, Lee and Hughes, Lesley and Huntley, Brian and {van Jaarsveld}, Albert S. and Midgley, Guy F. and Miles, Lera and {Ortega-Huerta}, Miguel A. and Townsend Peterson, A. and Phillips, Oliver L. and Williams, Stephen E.},
  year = {2004},
  volume = {427},
  pages = {145--148},
  doi = {10.1038/nature02121},
  journal = {Nature},
  language = {en},
  number = {6970}
}

@article{thomas2010,
  title = {Climate, Climate Change and Range Boundaries},
  author = {Thomas, Chris D.},
  year = {2010},
  volume = {16},
  pages = {488--495},
  doi = {10.1111/j.1472-4642.2010.00642.x},
  copyright = {\textcopyright{} 2010 Blackwell Publishing Ltd},
  journal = {Divers. Distrib.},
  keywords = {Adaptation,biological invasions,climate warming,distributions,extinction,range margins,thermal ecology},
  language = {en},
  number = {3}
}

@article{thomson2010,
  title = {Poleward Reach of the {{California Undercurrent}} Extension},
  author = {Thomson, Richard E. and Krassovski, Maxim V.},
  year = {2010},
  volume = {115},
  doi = {10.1029/2010JC006280},
  copyright = {Copyright 2010 by the American Geophysical Union.},
  journal = {J. Geophys. Res. Oceans},
  keywords = {California Undercurrent,eastern boundary currents,nutrient transport},
  language = {en},
  number = {C9}
}

@article{thorson2013,
  title = {Accounting for space--time interactions in index standardization models},
  author = {Thorson, James T. and Ward, Eric J.},
  year = {2013},
  volume = {147},
  pages = {426-433},
  bdsk-url-2 = {http://dx.doi.org/10.1016/j.fishres.2013.03.012},
  journal = {Fish. Res.},
  keywords = {bayesian,bibdesk,spatiotemporal},
  number = {0}
}

@article{thorson2015,
  title = {Geostatistical Delta-Generalized Linear Mixed Models Improve Precision for Estimated Abundance Indices for {{West Coast}} Groundfishes},
  author = {Thorson, James T. and Shelton, Andrew O. and Ward, Eric J. and Skaug, Hans J.},
  year = {2015},
  volume = {72},
  pages = {1297--1310},
  doi = {10.1093/icesjms/fsu243},
  journal = {ICES J. Mar. Sci.},
  keywords = {_tablet},
  language = {en},
  number = {5}
}

@article{thorson2016,
  title = {Model-Based Inference for Estimating Shifts in Species Distribution, Area Occupied and Centre of Gravity},
  author = {Thorson, James T. and Pinsky, Malin L. and Ward, Eric J.},
  year = {2016},
  pages = {990--1002},
  doi = {10.1111/2041-210X.12567},
  journal = {Methods Ecol Evol},
  keywords = {climate-velocity,spatiotemporal},
  language = {en}
}

@article{thorson2016a,
  title = {Accounting for Spatiotemporal Variation and Fisher Targeting When Estimating Abundance from Multispecies Fishery Data},
  author = {Thorson, James T. and Fonner, Robert and Haltuch, Melissa A. and Ono, Kotaro and Winker, Henning},
  year = {2016},
  volume = {74},
  pages = {1794--1807},
  doi = {10.1139/cjfas-2015-0598},
  journal = {Can. J. Fish. Aquat. Sci.},
  number = {11}
}

@article{thorson2016b,
  title = {Density-Dependent Changes in Effective Area Occupied for Sea-Bottom-Associated Marine Fishes},
  author = {Thorson, James T. and Rindorf, Anna and Gao, Jin and Hanselman, Dana H. and Winker, Henning},
  year = {2016},
  volume = {283},
  pages = {20161853},
  doi = {10.1098/rspb.2016.1853},
  journal = {Proceedings of the Royal Society B: Biological Sciences},
  number = {1840}
}

@article{thorson2017,
  title = {Estimating Partial Regulation in Spatio-Temporal Models of Community Dynamics},
  author = {Thorson, James T. and Munch, Stephan B. and Swain, Douglas P.},
  year = {2017},
  pages = {n/a-n/a},
  doi = {10.1002/ecy.1760},
  journal = {Ecology},
  language = {en}
}

@article{thorson2017a,
  title = {Using Spatio-Temporal Models of Population Growth and Movement to Monitor Overlap between Human Impacts and Fish Populations},
  author = {Thorson, James T. and Jannot, Jason and Somers, Kayleigh},
  year = {2017},
  volume = {54},
  pages = {577--587},
  doi = {10.1111/1365-2664.12664},
  journal = {J Appl Ecol},
  language = {en},
  number = {2}
}

@article{thorson2017b,
  title = {Three Problems with the Conventional Delta-Model for Biomass Sampling Data, and a Computationally Efficient Alternative},
  author = {Thorson, James T},
  year = {2017},
  doi = {10.1139/cjfas-2017-0266},
  journal = {Can. J. Fish. Aquat. Sci.}
}

@article{thorson2017c,
  title = {The Relative Influence of Temperature and Size-Structure on Fish Distribution Shifts: {{A}} Case-Study on {{Walleye}} Pollock in the {{Bering Sea}}},
  author = {Thorson, James T. and Ianelli, James N. and Kotwicki, Stan},
  year = {2017},
  volume = {18},
  pages = {1073--1084},
  doi = {10.1111/faf.12225},
  copyright = {Published 2017. This article is a U.S. Government work and is in the public domain in the USA},
  journal = {Fish Fish.},
  keywords = {Alaska pollock,distribution shift,size-structure,spatiotemporal model,temperature impacts},
  language = {en},
  number = {6}
}

@article{thorson2018,
  title = {Spatio-Temporal Analysis of Compositional Data: Increased Precision and Improved Workflow Using Model-Based Inputs to Stock Assessment},
  author = {Thorson, James T and Haltuch, Melissa A.},
  year = {2018},
  doi = {10.1139/cjfas-2018-0015},
  journal = {Can. J. Fish. Aquat. Sci.}
}

@article{thorson2018a,
  title = {Forecast Skill for Predicting Distribution Shifts: {{A}} Retrospective Experiment for Marine Fishes in the {{Eastern Bering Sea}}},
  author = {Thorson, James T.},
  year = {2018},
  volume = {0},
  doi = {10.1111/faf.12330},
  journal = {Fish and Fisheries},
  keywords = {distribution shift,forecast skill,habitat-envelope model,short-term forecast,spatio-temporal model},
  number = {0}
}

@article{thorson2018b,
  title = {Spatial Heterogeneity Contributes More to Portfolio Effects than Species Variability in Bottom-Associated Marine Fishes},
  author = {Thorson, James T. and Scheuerell, Mark D. and Olden, Julian D. and Schindler, Daniel E.},
  year = {2018},
  volume = {285},
  pages = {20180915},
  doi = {10.1098/rspb.2018.0915},
  copyright = {\textcopyright{} 2018 The Author(s). http://royalsocietypublishing.org.proxy.lib.sfu.ca/licencePublished by the Royal Society. All rights reserved.},
  journal = {Proc. R. Soc. B},
  language = {en},
  number = {1888}
}

@article{thorson2019,
  title = {Guidance for Decisions Using the {{Vector Autoregressive Spatio}}-{{Temporal}} ({{VAST}}) Package in Stock, Ecosystem, Habitat and Climate Assessments},
  author = {Thorson, James T.},
  year = {2019},
  volume = {210},
  pages = {143--161},
  doi = {10.1016/j.fishres.2018.10.013},
  journal = {Fisheries Research},
  keywords = {Climate vulnerability analysis,Distribution shift,Habitat assessment,Index standardization,Integrated ecosystem assessment,Spatio-temporal model,Stock assessment,VAST}
}

@article{thorson2017-mist,
  title = {Comparing Estimates of Abundance Trends and Distribution Shifts Using Single- and Multispecies Models of Fishes and Biogenic Habitat},
  author = {Thorson, James T. and Barnett, Lewis A. K.},
  doi = {10.1093/icesjms/fsw193},
  year = {2017},
  journal = {ICES J. Mar. Sci.}
}

@article{thuiller2014,
  title = {Does Probability of Occurrence Relate to Population Dynamics?},
  author = {Thuiller, Wilfried and M{\"u}nkem{\"u}ller, Tamara and Schiffers, Katja H. and Georges, Damien and Dullinger, Stefan and Eckhart, Vincent M. and Edwards, Thomas C. and Gravel, Dominique and Kunstler, Georges and Merow, Cory and Moore, Kara and Piedallu, Christian and Vissault, Steve and Zimmermann, Niklaus E. and Zurell, Damaris and Schurr, Frank M.},
  year = {2014},
  volume = {37},
  pages = {1155--1166},
  doi = {10.1111/ecog.00836},
  copyright = {\textcopyright{} 2014 The Authors. Ecography published by John Wiley \& Sons Ltd. on behalf of Nordic Society Oikos},
  journal = {Ecography},
  language = {en},
  number = {12}
}

@article{tolimieri2015,
  title = {Can We Increase Our Confidence about the Locations of Biodiversity `hotspots' by Using Multiple Diversity Indices?},
  author = {Tolimieri, N. and Shelton, A. O. and Feist, B. E. and Simon, V.},
  year = {2015},
  volume = {6},
  pages = {1--13},
  doi = {10.1890/ES14-00363.1},
  copyright = {Copyright: \textcopyright{} 2015 Tolimieri et al.},
  journal = {Ecosphere},
  language = {en},
  number = {12}
}

@article{trenkel2005,
  title = {Spatial and Temporal Structure of Predator\textendash{}Prey Relationships in the {{Celtic Sea}} Fish Community},
  author = {Trenkel, V. M. and Pinnegar, J. K. and Dawson, W. A. and du Buit, M. H. and Tidd, A. N.},
  year = {2005},
  volume = {299},
  pages = {257--268},
  doi = {10.3354/meps299257},
  journal = {Mar. Ecol. Prog. Ser.},
  keywords = {Celtic Sea,Diet,Preference,Season,Spatial distribution,Stomach contents},
  language = {en}
}

@article{vanderwal2013,
  title = {Focus on Poleward Shifts in Species' Distribution Underestimates the Fingerprint of Climate Change},
  author = {VanDerWal, Jeremy and Murphy, Helen T. and Kutt, Alex S. and Perkins, Genevieve C. and Bateman, Brooke L. and Perry, Justin J. and Reside, April E.},
  year = {2013},
  volume = {3},
  pages = {239--243},
  doi = {10.1038/nclimate1688},
  copyright = {2012 Nature Publishing Group},
  journal = {Nature Clim Change},
  language = {en},
  number = {3}
}

@article{vehtari2019,
  title = {Rank-Normalization, Folding, and Localization: {{An}} Improved \$\textbackslash{}widehat\{\vphantom\}{{R}}\vphantom\{\}\$ for Assessing Convergence of {{MCMC}}},
  author = {Vehtari, Aki and Gelman, Andrew and Simpson, Daniel and Carpenter, Bob and B{\"u}rkner, Paul-Christian},
  year = {2019},
  archivePrefix = {arXiv},
  eprint = {1903.08008},
  eprinttype = {arxiv},
  journal = {ArXiv190308008 Stat},
  keywords = {Statistics - Computation,Statistics - Methodology},
  primaryClass = {stat}
}

@article{waldock2019,
  title = {The Shape of Abundance Distributions across Temperature Gradients in Reef Fishes},
  author = {Waldock, Conor and Stuart-Smith, Rick D. and Edgar, Graham J. and Bird, Tomas J. and Bates, Amanda E.},
  year = {2019},
  volume = {22},
  pages = {685--696},
  doi = {10.1111/ele.13222},
  copyright = {\textcopyright{} 2019 The Authors. Ecology Letters published by CNRS and John Wiley \& Sons Ltd},
  journal = {Ecol. Lett.},
  keywords = {Abundant-centre hypothesis,ecological performance,geographic range,niche partitioning,realised niche,species distribution,species distribution model,thermal performance curve,thermal-abundance distribution},
  language = {en},
  number = {4}
}

@article{wallace2015,
  title = {Canada's {{Pacific}} Groundfish Trawl Habitat Agreement: {{A}} Global First in an Ecosystem Approach to Bottom Trawl Impacts},
  author = {Wallace, Scott and Turris, Bruce and Driscoll, John and Bodtker, Karin and Mose, Brian and Munro, Gordon},
  year = {2015},
  volume = {60},
  pages = {240--248},
  doi = {10.1016/j.marpol.2015.06.028},
  journal = {Mar. Policy},
  language = {en}
}

@article{walther2002,
  title = {Ecological Responses to Recent Climate Change},
  author = {Walther, Gian-Reto and Post, Eric and Convey, Peter and Menzel, Annette and Parmesan, Camille and Beebee, Trevor J. C. and Fromentin, Jean-Marc and {Hoegh-Guldberg}, Ove and Bairlein, Franz},
  year = {2002},
  volume = {416},
  pages = {389--395},
  doi = {10.1038/416389a},
  journal = {Nature},
  language = {en},
  number = {6879}
}

@article{wang2017,
  title = {Climate and Anthropogenic Controls of Coastal Deoxygenation on Interannual to Centennial Timescales},
  author = {Wang, Yi and Hendy, Ingrid and Napier, Tiffany J.},
  year = {2017},
  volume = {44},
  pages = {11,528--11,536},
  doi = {10.1002/2017GL075443},
  copyright = {\textcopyright{}2017. American Geophysical Union. All Rights Reserved.},
  journal = {Geophys. Res. Lett.},
  keywords = {California,deoxygenation,metals,oxygen minimum zone,redox},
  language = {en},
  number = {22}
}

@article{ward2015,
  title = {Using Spatiotemporal Species Distribution Models to Identify Temporally Evolving Hotspots of Species Co-Occurrence},
  author = {Ward, Eric J. and Jannot, Jason E. and Lee, Yong-Woo and Ono, Kotaro and Shelton, Andrew O. and Thorson, James T.},
  year = {2015},
  volume = {25},
  pages = {2198--2209},
  doi = {10.1890/15-0051.1},
  journal = {Ecol. Appl.},
  keywords = {spatiotemporal},
  language = {en},
  number = {8}
}

@article{ward2018,
  title = {Applying Spatiotemporal Models to Monitoring Data to Quantify Fish Population Responses to the {{Deepwater Horizon}} Oil Spill in the {{Gulf}} of {{Mexico}}},
  author = {Ward, Eric J. and Oken, Kiva L. and Rose, Kenneth A. and Sable, Shaye and Watkins, Katherine and Holmes, Elizabeth E. and Scheuerell, Mark D.},
  year = {2018},
  volume = {190},
  pages = {530},
  doi = {10.1007/s10661-018-6912-z},
  journal = {Environ Monit Assess},
  language = {en},
  number = {9}
}

@article{webb2011,
  title = {The Birds and the Seas: Body Size Reconciles Differences in the Abundance\textendash{}Occupancy Relationship across Marine and Terrestrial Vertebrates},
  author = {Webb, Thomas J. and Dulvy, Nicholas K. and Jennings, Simon and Polunin, Nicholas V. C.},
  year = {2011},
  volume = {120},
  pages = {537--549},
  doi = {10.1111/j.1600-0706.2011.18870.x},
  copyright = {\textcopyright{} 2011 The Authors},
  journal = {Oikos},
  language = {en},
  number = {4}
}

@article{wernberg2011,
  title = {Seaweed {{Communities}} in {{Retreat}} from {{Ocean Warming}}},
  author = {Wernberg, Thomas and Russell, Bayden D. and Thomsen, Mads S. and Gurgel, C. Frederico D. and Bradshaw, Corey J. A. and Poloczanska, Elvira S. and Connell, Sean D.},
  year = {2011},
  volume = {21},
  pages = {1828--1832},
  doi = {10.1016/j.cub.2011.09.028},
  journal = {Current Biology},
  number = {21}
}

@article{wernberg2013,
  title = {An Extreme Climatic Event Alters Marine Ecosystem Structure in a Global Biodiversity Hotspot},
  author = {Wernberg, Thomas and Smale, Dan A. and Tuya, Fernando and Thomsen, Mads S. and Langlois, Timothy J. and {de Bettignies}, Thibaut and Bennett, Scott and Rousseaux, Cecile S.},
  year = {2013},
  volume = {3},
  pages = {78--82},
  doi = {10.1038/nclimate1627},
  journal = {Nat. Clim. Change},
  language = {en},
  number = {1}
}

@article{wernberg2018,
  title = {Genetic Diversity and Kelp Forest Vulnerability to Climatic Stress},
  author = {Wernberg, Thomas and Coleman, Melinda A. and Bennett, Scott and Thomsen, Mads S. and Tuya, Fernando and Kelaher, Brendan P.},
  year = {2018},
  volume = {8},
  pages = {1851},
  doi = {10.1038/s41598-018-20009-9},
  copyright = {2018 The Author(s)},
  journal = {Sci. Rep.},
  language = {En},
  number = {1}
}

@article{wethey2011,
  title = {Response of Intertidal Populations to Climate: {{Effects}} of Extreme Events versus Long Term Change},
  author = {Wethey, David S. and Woodin, Sarah A. and Hilbish, Thomas J. and Jones, Sierra J. and Lima, Fernando P. and Brannock, Pamela M.},
  year = {2011},
  volume = {400},
  pages = {132--144},
  doi = {10.1016/j.jembe.2011.02.008},
  journal = {Journal of Experimental Marine Biology and Ecology},
  keywords = {Biogeography,Climate change},
  number = {1},
  series = {Global Change in Marine Ecosystems}
}

@article{wheeland,
  title = {Age-Specific Shifts in {{Greenland}} Halibut ({{Reinhardtius}} Hippoglossoides) Distribution in Response to Changing Ocean Climate},
  author = {Wheeland, Laura J. and Morgan, M. Joanne},
  doi = {10.1093/icesjms/fsz152},
  journal = {ICES J Mar Sci},
  language = {en}
}

@article{whitney2007,
  title = {Persistently Declining Oxygen Levels in the Interior Waters of the Eastern Subarctic {{Pacific}}},
  author = {Whitney, Frank A. and Freeland, Howard J. and Robert, Marie},
  year = {2007},
  volume = {75},
  pages = {179--199},
  doi = {10.1016/j.pocean.2007.08.007},
  journal = {Prog. Oceanogr.},
  language = {en},
  number = {2}
}

@article{wishner2013,
  title = {Zooplankton in the Eastern Tropical North {{Pacific}}: {{Boundary}} Effects of Oxygen Minimum Zone Expansion},
  author = {Wishner, Karen F. and Outram, Dawn M. and Seibel, Brad A. and Daly, Kendra L. and Williams, Rebecca L.},
  year = {2013},
  volume = {79},
  pages = {122--140},
  doi = {10.1016/j.dsr.2013.05.012},
  journal = {Deep Sea Research Part I: Oceanographic Research Papers},
  keywords = {Biological pump,Climate change,Copepod,Diel vertical migration,Oxygen minimum zone,Zooplankton biomass}
}

@article{young,
  title = {Adaptation Strategies of Coastal Fishing Communities as Species Shift Poleward},
  author = {Young, Talia and Fuller, Emma C. and Provost, Mikaela M. and Coleman, Kaycee E. and St. Martin, Kevin and McCay, Bonnie J. and Pinsky, Malin L.},
  doi = {10.1093/icesjms/fsy140},
  journal = {ICES J Mar Sci},
  language = {en}
}

@article{zhang2013,
  title = {Likelihood-Based and {{Bayesian}} Methods for {{Tweedie}} Compound {{Poisson}} Linear Mixed Models},
  author = {Zhang, Yanwei},
  year = {2013},
  volume = {23},
  pages = {743--757},
  doi = {10.1007/s11222-012-9343-7},
  journal = {Stat Comput},
  language = {en},
  number = {6}
}

@book{zotero-10773,
  title = {The Comprehensive {{TMB}} Documentation}
}

@misc{zotero-11714,
  title = {Multiple {{Dimensions}} of {{Climate Change}} and {{Their Implications}} for {{Biodiversity}} | {{Science}}},
  howpublished = {https://science-sciencemag-org.proxy.lib.sfu.ca/content/344/6183/1247579}
}

@misc{zotero-11865,
  title = {Geographical Limits to Species-Range Shifts Are Suggested by Climate Velocity | {{Nature}}},
  howpublished = {https://www-nature-com.proxy.lib.sfu.ca/articles/nature12976}
}

@article{zuur2010,
  title = {A Protocol for Data Exploration to Avoid Common Statistical Problems},
  author = {Zuur, Alain F. and Ieno, Elena N. and Elphick, Chris S.},
  year = {2010},
  volume = {1},
  pages = {3--14},
  doi = {10.1111/j.2041-210X.2009.00001.x},
  journal = {Methods Ecol. Evol.},
  keywords = {collinearity,data exploration,independence,transformations,type I and II errors,zero inflation},
  language = {en},
  number = {1}
}

@article{rue2009,
	title = {Approximate {Bayesian} inference for latent {Gaussian} models by using integrated nested {Laplace} approximations},
	volume = {71},
	issn = {13697412, 14679868},
	url = {http://doi.wiley.com/10.1111/j.1467-9868.2008.00700.x},
	doi = {10.1111/j.1467-9868.2008.00700.x},
	language = {en},
	number = {2},
	urldate = {2020-06-01},
	journal = {Journal of the Royal Statistical Society: Series B (Statistical Methodology)},
	author = {Rue, HÃ¥vard and Martino, Sara and Chopin, Nicolas},
	month = apr,
	year = {2009},
	pages = {319--392}
}

@Article{         kristensen2016,
  title         = {{{TMB}}: {{Automatic Differentiation}} and {{Laplace
                  Approximation}}},
  volume        = {70},
  doi           = {10.18637/jss.v070.i05},
  number        = {5},
  journal       = {J. Stat. Softw.},
  author        = {Kristensen, Kasper and Nielsen, Anders and Berg, Casper W.
                  and Skaug, Hans and Bell, Bradley M.},
  year          = {2016},
  pages         = {1-21}
}

@Book{            r2019,
  address       = {Vienna, Austria},
  title         = {R: A Language and Environment for Statistical Computing},
  publisher     = {{R Foundation for Statistical Computing}},
  author        = {{{R Core Team}}},
  year          = {2019}
}

@incollection{tweedie1984,
  title = {An Index Which Distinguishes between Some Important Exponential Families},
  booktitle = {Statistics: {{Applications}} and {{New Directions}}. {{Proceedings}} of the {{Indian Statistical Institute Golden Jubilee International Conference}}},
  author = {Tweedie, M C K},
  editor = {Gosh, J K and Roy, J},
  year = {1984},
  pages = {579--604},
  publisher = {{Indian Statistical Institute}},
  address = {{Calcutta}}
}

@article{dunn2005,
  title = {Series Evaluation of {{Tweedie}} Exponential Dispersion Model Densities},
  author = {Dunn, Peter K. and Smyth, Gordon K.},
  year = {2005},
  volume = {15},
  pages = {267--280},
  doi = {10.1007/s11222-005-4070-y},
  journal = {Statistics and Computing},
  language = {en},
  number = {4}
}

@book{cressie2011,
  title = {Statistics for Spatio-Temporal Data},
  author = {Cressie, Noel A. C. and Wikle, Christopher K.},
  year = {2011},
  publisher = {{Wiley}},
  address = {{Hoboken, N.J}},
  isbn = {978-0-471-69274-4},
  series = {Wiley Series in Probability and Statistics}
}

